3200 5058
307 359 370 420 188
643 347 1029 415 ADVERSARIA

309 522 329 561 *
341 512 484 616 Βρνάζει
502 521 616 584 AEseh.
634 539 708 606 334.

308 627 520 730 Βρναζοῦσης
535 628 670 711 λεαίνης.
689 633 731 697 Η.
746 632 795 698 St.
811 627 844 698 ἕν
861 621 1061 708 Ἀθάμαντι,
1080 649 1124 692 se.
1141 626 1193 690 vel
1205 623 1354 710 AEschyli

358 750 410 816 vel
426 749 595 835 Sophoclis
611 748 731 835 potius.

307 857 523 954 Βρναλίκται.
549 864 572 928 f.
590 855 706 928 ἀοιδοὶ.
743 885 774 926 v.
793 854 1065 954 Βρνλλοχισταῖ.
1109 857 1235 920 Meurs.
1254 854 1354 919 Orch.

357 981 439 1044 τολ.
457 974 635 1070 ὀρχησταί.
662 971 853 1070 Μένανδρός
870 1003 945 1056 τον,
956 971 1031 1058 Ἴβ.
1362 989 1383 1054 5

310 1086 539 1185 Βριιαλιγμόν,
557 1087 693 1187 ψόφον.

309 1203 461 1301 Βρνγκός
479 1211 575 1276 series
593 1205 730 1304 Βρυκός.

310 1325 330 1366 *
341 1318 500 1415 Βρνγμός
515 1320 627 1393 ..ἀπὸ
644 1329 706 1392 τοῦ
722 1323 851 1418 βρύκειν
868 1329 1023 1392 Ammon.
1042 1325 1141 1390 Matt.
1160 1327 1189 1402 8,
1206 1345 1256 1392 12.

310 1434 507 1534 Βρνδαλίχα
521 1491 529 1507 .
542 1493 550 1509 .
565 1490 574 1508 .
587 1435 679 1536 παρὰ
695 1447 767 1514 τοῖς
785 1434 941 1508 Λάκωσιν
958 1465 994 1529 γ.
1005 1467 1034 1507 κ.
1050 1467 1082 1506 α.
1099 1435 1232 1532 ὅρχημα
1249 1434 1267 1502 ὁ
1282 1432 1355 1504 Ῥ..

360 1553 534 1626 ἐκτίθεται.
559 1583 591 1625 ν.
609 1554 879 1651 Βρυλλοχισταί.
1370 1567 1406 1608 ¹0

311 1668 410 1765 Βρύει
429 1675 469 1739 Il.
486 1669 528 1766 ρ’.
545 1679 600 1757 46.
633 1674 698 1763 [Al.
717 1699 767 1741 ex.
786 1676 865 1740 Eur.
883 1691 958 1761 524.
985 1698 1016 1739 v.
1035 1667 1204 1756 Ammon]

312 1783 511 1880 Βρυκέδανος
529 1792 640 1877 Etym.

310 1899 445 1995 Βρόκειν
460 1955 468 1971 .
485 1898 640 1997 ,τρίζειν
663 1907 732 1994 ipse
749 1897 910 1997 βρυγμὸς,
928 1896 1070 1997 τρισμὸς
1087 1896 1240 1968 ὀδόντων.

311 2014 487 2112 Βρνκετός.
513 2022 536 2088 f.
555 2017 759 2114 Βρνκηθμός.
823 2043 829 2056 ·

241 2135 243 2140 ’
312 2130 447 2227 Βρύκος.
473 2161 505 2204 v.
523 2130 656 2229 Βρνχός
673 2146 706 2202 et
723 2132 877 2230 Βρῦοχος
894 2147 927 2203 et
944 2133 1091 2229 Βροῦκος
1105 2186 1114 2202 .
1127 2185 1135 2202 .
1148 2185 1156 2200 ·
1170 2127 1357 2226 βάρβαρος·
1372 2151 1406 2210 ¹5
1474 2181 1478 2192 ·

312 2247 501 2345 Βρνλλίχα.
531 2255 628 2320 series
647 2303 655 2319 .
674 2302 682 2318 .
701 2304 710 2321 .
729 2252 935 2346 ὀρχήστραν.
973 2278 1005 2320 v.
1033 2245 1296 2345 Βρνλλαχισταὶ
1326 2261 1359 2315 et

363 2364 545 2462 Βυλλίχαι.

313 2480 564 2579 Βρυλλιχισταὶ
583 2487 709 2554 Meum.
740 2480 1020 2579 Βρνδιιλιχισταί.
1046 2487 1103 2552 sed
1129 2485 1226 2550 series
1249 2484 1358 2574 potius

364 2604 558 2668 contrarium
575 2604 728 2689 postulat.
754 2627 785 2668 v.
803 2598 985 2693 Βυλλῖχαι.

315 2713 487 2808 Βρνλλῶν.
514 2713 675 2810 Βρῦλλιον
692 2743 722 2784 v.
741 2719 787 2783 Su
796 2713 872 2803 [id].
1371 2730 1410 2770 20

316 2828 480 2924 Βρύματα
497 2857 665 2920 perperam
685 2828 736 2926 [ἓ]
758 2835 802 2900 Η.
814 2835 929 2922 steph.

313 2942 510 3038 Βρῦνθαλον
531 2971 562 3014 v.
589 2944 754 3016 Βῦθαλον.
782 2951 1041 3037 Aristoph.124.
1080 2943 1303 3038 [Nub.1385]
1333 2942 1363 3010 εἰ

366 3058 424 3141 μέν
441 3088 482 3152 γε
498 3062 580 3156 βρῦν
597 3061 695 3156 εἴπῃς.

317 3173 482 3271 Βρύοχον.
508 3205 539 3248 v.
558 3176 684 3274 Βρύκος
701 3193 734 3248 et
750 3177 892 3274 Βρυχός.

317 3290 458 3388 Βρύσια.
477 3299 517 3362 L.
532 3291 700 3390 Βρυσειαῖ.
728 3300 872 3386 Respicit
887 3300 995 3364 locum
1008 3298 1142 3364 Homeri
1157 3297 1192 3361 in
1203 3291 1359 3373 Βοιωτία,
1369 3311 1408 3372 25

366 3407 528 3507 Βρυσεῖας
552 3411 583 3480 τ’
601 3411 765 3497 ἐνέμοντο,
793 3412 845 3482 καὶ
873 3409 1018 3503 Αὐγειὰς
1044 3405 1218 3508 ἐρατεινάς.
1247 3413 1360 3499 steph.

368 3524 513 3622 Βρνσιαί
521 3555 529 3595 ι
557 3532 614 3596 sed
632 3534 727 3597 scribi
744 3534 832 3620 apud
849 3528 953 3622 (eum)
972 3534 1125 3598 debuerat
1142 3525 1310 3622 Βρυσειαί.

316 3639 483 3738 Βρύτανα.
510 3670 539 3714 v.
557 3643 702 3715 Βύτανα.

317 3757 519 3853 Βρυτιγγοί.
545 3789 576 3830 ν.
594 3760 770 3856 Βρύθακες.

317 3872 479 3968 Βρνττία.
532 3880 722 3966 Legendum
750 3883 859 3968 potius
885 3877 1017 3973 Βρύτια
1045 3905 1120 3948 cum
1149 3873 1284 3973 su[id].
1311 3879 1362 3945 vel
1370 3895 1412 3954 ³0

368 3987 500 4085 Βρὺτεα
517 4004 555 4060 ut
571 3997 658 4082 apud
674 3999 879 4066 Athenaeum.

318 4105 496 4202 Βρύττιον.
523 4112 562 4178 L.
582 4106 724 4205 Βρῦτον.
750 4138 783 4179 ν.
799 4115 920 4179 Athen.

318 4222 482 4321 Βρῦττος.
508 4229 545 4294 F.
563 4224 759 4322 βρνττόνην.
781 4231 804 4297 f.
823 4222 978 4322 σελάχης.
1004 4256 1036 4298 ν.
1047 4221 1362 4324 Ἂμβρνποι..ιὼὶ

367 4339 541 4437 βρῦττους.

318 4457 489 4554 Βρνχιτῶ.
515 4464 553 4530 F.
571 4458 744 4556 Βρῦχετον
762 4467 871 4552 Etym.
1371 4489 1411 4550 35
