3200 5058
277 357 285 375 ·
310 333 373 400 176
654 335 1006 398 ADVERSARIA

310 498 500 585 Βομβυλῖα.
537 504 587 567 Ita
604 505 700 568 series
718 505 870 590 postulat,
888 513 920 568 et
937 499 1131 586 Βομβῦλιος
1148 501 1355 588 Lycophroni

359 620 493 684 Boeotiae
510 620 667 704 oppidum
684 630 717 683 et
734 642 827 683 mons
845 620 948 684 Isacio
970 618 1092 706 [Tzetz.
1111 619 1151 681 sd
1168 618 1249 703 Lyc.
1260 611 1349 701 786.]

310 729 501 816 Βομβῦλην.
527 735 550 797 s.
568 729 763 816 Βομβυλιον
789 735 839 798 vel
860 731 916 816 βο.
937 735 1047 820 Etym.
1065 725 1116 796 roi
1139 724 1181 796 πὸ
1204 723 1354 821 ἐλαιηρόν

358 844 393 916 δὲ
409 846 548 937 ἀγγεῖον
564 847 634 916 καθ’
652 844 836 928 ὁμοιότητα
853 852 915 916 τοῦ
939 843 1147 940 στενοπόρου
1163 843 1354 924 ἐκπώματος

358 959 544 1048 βομβυλιὸς
560 962 709 1053 λέγεται.
771 1043 806 1075 πο
1288 1015 1293 1022 .

308 1076 536 1164 Βομβόλιὸας.
569 1082 592 1146 f.
610 1046 843 1164 βομβόλυγβς.
895 1082 990 1146 Certe
1020 1082 1131 1168 Etym.
1161 1071 1351 1166 βομβόλυξ,

357 1188 553 1287 πομφόλυξ,
571 1224 598 1260 π
616 1205 648 1262 et
665 1201 695 1289 φ
712 1199 745 1262 in
764 1194 799 1282 β
817 1199 960 1264 mutatis.
1354 1228 1356 1231 ’

308 1306 502 1395 Βομβυλιός
520 1362 528 1377 .
548 1362 555 1378 .
575 1362 583 1380 .
605 1309 723 1380 πότον.
746 1311 903 1382 1.ποτού.
930 1310 1035 1385 πότος
1058 1315 1144 1379 enim
1161 1315 1269 1380 bibitio
1294 1323 1352 1390 est,

1361 985 1380 1048 5

357 1422 463 1494 ποτὸν
481 1432 564 1512 qood
584 1432 710 1496 bibitur.
764 1433 826 1496 Pro
855 1430 1029 1507 κεκλῆσθαι
1059 1431 1167 1494 malim
1190 1427 1352 1520 κέκλῃπαι,

356 1570 473 1633 nempe
489 1548 597 1632 poculi
609 1571 712 1633 genus
728 1549 855 1634 angusti
870 1549 945 1627 oris,
958 1570 1016 1633 per
1032 1549 1120 1633 quod
1132 1558 1229 1634 potus
1247 1572 1353 1633 erum·
1367 1567 1401 1605 ¹0

356 1687 437 1750 pens
467 1664 609 1728 sonitum
637 1665 712 1730 edit.
764 1667 832 1730 Jul.
853 1665 931 1730 Poll.
953 1658 1140 1747 βομβυλιὸς
1165 1658 1208 1730 τὸ
1236 1660 1351 1730 σπέυον

355 1775 486 1854 ἔκπωμα
513 1773 566 1841 καὶ
592 1776 745 1861 βομβοῦν
768 1776 799 1844 εὐ
820 1781 862 1868 τῇ
888 1775 999 1860 πόσει,
1016 1781 1102 1844 unde
1125 1775 1295 1857 σῦσπομον
1320 1790 1352 1844 et

356 1888 585 1972 στενόστομον
608 1896 740 1960 dictum.
797 1897 907 1961 Altera
932 1896 1121 1982 significatio
1147 1898 1286 1982 pertinet
1311 1898 1351 1961 ad

358 2012 530 2075 Isocratem
547 2011 581 2074 in
599 2012 757 2077 Encomio
772 2013 917 2077 Helenae.
935 2007 983 2100 [p.
1000 2033 1062 2080 210
1079 2006 1128 2100 b.]

306 2123 460 2218 Βόμβυρ.
513 2127 598 2191 Cum
625 2128 919 2213 interpretationem
944 2129 1083 2213 priorem
1112 2128 1247 2203 intueor,
1271 2127 1351 2191 nihil
1364 2143 1398 2202 15

355 2244 388 2307 in
411 2245 475 2307 fine
500 2244 626 2307 videtur
655 2246 866 2309 mutandum=
902 2267 977 2308 cum
1002 2243 1202 2330 posteriores,
1225 2243 1351 2308 videtur

355 2361 527 2446 legendum
545 2353 698 2448 Βόμβυξ.
752 2361 816 2426 Sed
841 2369 952 2426 nostro
974 2384 1040 2425 non
1063 2371 1112 2426 est
1134 2360 1275 2424 insolens
1292 2359 1350 2424 nni

355 2477 510 2542 vocabulo
536 2477 801 2564 significationem
823 2478 973 2542 adhibere
996 2479 1126 2542 alterius
1151 2477 1213 2563 ipsi
1235 2478 1349 2542 affinis.

357 2594 440 2656 Puto
466 2593 573 2678 itaque
599 2585 748 2685 Βάμβορ
774 2617 843 2658 esse
869 2595 953 2658 idem
980 2595 1068 2679 qnod
1092 2586 1200 2671 ἄμμος
1217 2595 1350 2659 dialecto

356 2709 523 2773 Laconica.
577 2710 660 2775 Quae
684 2719 865 2795 sequuntur
886 2711 927 2774 ad
953 2703 1099 2798 Βόμβυξ
1121 2710 1293 2796 pertinent.
1318 2732 1400 2775 v.20

356 2825 510 2889 Meibom.
530 2827 633 2890 Notas
654 2826 695 2889 ad
718 2826 812 2892 Eucl.
831 2826 912 2891 Har.
935 2849 967 2912 p.
983 2827 1036 2893 68.
1062 2849 1092 2890 v.
1111 2821 1296 2908 Κόμβησευ
1317 2836 1351 2891 et

355 2934 508 3022 Κόμβοε.
1316 2927 1319 2931 ’

305 3053 466 3129 Boio-ree.
491 3060 530 3123 L.
541 3053 718 3136 ΙΒοόωντες
736 3061 774 3124 ΙΙ.
788 3055 834 3143 β.
848 3078 900 3146 97.

305 3167 623 3256 Βομβυθυλεύμαπα,
649 3169 694 3242 τὰ
719 3169 905 3268 μαγειρικᾶ.
958 3179 1009 3243 Ita
1033 3180 1116 3266 lego·
1152 3179 1228 3244 Sine
1251 3177 1349 3242 dubio

353 3313 415 3354 vox
432 3314 451 3356 a
467 3293 589 3358 comico
606 3293 713 3380 aliquo
729 3295 804 3358 ficta
829 3290 1083 3376 βομβυθυλεύειυ
1099 3317 1158 3381 pro
1175 3290 1349 3360 ὀνθυλεύειν
1361 3321 1397 3379 25
1479 3375 1483 3383 Ι
1592 3349 1593 3356 1

353 3416 385 3472 et
401 3405 612 3484 μονθυλεῦειυ.
665 3411 740 3496 Ipse
758 3412 798 3475 al.
815 3404 1075 3489 Ὠυθυλευμένον.
1092 3405 1134 3478 *rb
1152 3405 1349 3498 διεσπαγμέ-

354 3549 408 3588 νου
433 3517 573 3615 ἄρτυμα,
592 3520 675 3618 ὅπερ
700 3522 776 3591 ἔνιοι
802 3523 1103 3605 μεμουθυλευμένου.
1154 3529 1264 3614 Aliqui
1282 3523 1350 3594 dta-

350 3636 555 3726 σεσαγμὲυου
580 3641 694 3727 legunt
711 3635 763 3726 (ut
782 3641 946 3708 Gesnerus
972 3653 1004 3708 et
1026 3643 1179 3734 Casaub.)
1188 3647 1348 3728 farctum.

354 3753 418 3816 Sed
434 3777 465 3818 v.
480 3777 553 3839 quae
572 3757 612 3820 ad
629 3757 736 3821 locum
760 3758 912 3822 dicemus.
932 3757 1006 3823 Ces.
1023 3759 1112 3823 addit
1129 3759 1290 3850 περιττῶς
1314 3759 1349 3822 in

352 3870 474 3934 Athen.
1358 3897 1399 3953 30

303 3979 502 4076 Βοοσκὲρας.
546 3988 585 4050 L.
607 3981 689 4068 βοὸς
721 3985 823 4080 κε’ρας.
860 3991 901 4055 Il.
925 3983 968 4054 ω’.
988 3992 1039 4056 81.
1074 3992 1114 4054 de
1136 3983 1347 4078 μολυβδαίνῃ,

350 4095 424 4178 ἦτε
440 4099 512 4167 κατ’
529 4097 712 4194 ἀγραύλοιο
733 4098 815 4186 βοὸς
837 4101 929 4197 κε’ρας
955 4103 1148 4188 ἐμβεβαυῖα.
1202 4109 1246 4171 Et
1263 4115 1347 4171 recte

350 4219 578 4305 interpretatur
604 4244 704 4286 cornu
729 4222 884 4287 bovinum
901 4224 993 4288 lineae
1016 4224 1194 4308 piscatoriae
1212 4223 1348 4288 circum-

351 4339 461 4402 datum
483 4361 583 4425 prope
609 4341 752 4420 hamum,
769 4363 809 4405 ne
831 4340 950 4406 scilicet
972 4340 1076 4425 pisces
1101 4340 1218 4406 lineam
1243 4339 1346 4425 ipsam
