3148 5064
556 320 955 386 HESYCHIANA.
1215 321 1279 384 345

229 481 433 558 Ζακελτίδες.
450 512 481 554 v.
499 478 696 557 Ζακυνθίδες.
714 488 835 551 Athen.
854 478 1043 579 ζεκελτίδες.
1074 486 1205 571 Duplex
1222 508 1277 550 ex-

278 598 409 687 positio,
425 625 492 666 uno
508 601 674 679 Nicandri,
692 601 790 665 altera
806 601 956 665 Ameriae.
974 602 1038 688 369
1049 601 1090 664 A.
1116 622 1150 666 v.
1170 599 1244 664 Cae.

229 706 383 807 Ζάκοροι.
420 716 563 802 Etymol.
591 716 731 802 pertinet
756 716 797 779 ad
826 710 1002 807 veorripot:
1035 715 1081 779 ita
1106 723 1215 780 tamen
1243 723 1277 782 et

280 830 326 895 Su
333 826 410 917 [id].
428 838 461 894 et
477 831 588 917 Etym.
613 829 680 916 [Al.
694 854 743 895 ex.
761 823 918 922 Ζάκορος,
935 827 954 894 ὁ
972 825 1069 923 ἱερεὺς
1085 827 1103 894 ὁ
1121 823 1182 897 τὸν
1200 819 1275 898 ναόν

278 945 398 1036 σαρῶν·
424 949 529 1036 κυρεῖν
555 936 623 1035 ’γὰρ
648 937 691 1010 τὸ
717 947 839 1036 σαροῦν
864 941 943 1036 παρ’
968 939 1150 1018 Ἀττικοῖς.
1194 947 1273 1012 Lex.
1285 975 1301 1034 5

278 1060 370 1125 Arm.
421 1061 466 1124 Et
482 1061 566 1125 infra
582 1055 746 1152 Ζακόρων,
762 1056 867 1126 πόλον
883 1054 980 1151 κόρον
998 1055 1092 1152 ἔχων.
1116 1057 1177 1146 iu]

229 1167 380 1240 Ζᾶκοτον
398 1177 437 1240 Il.
456 1167 500 1262 γ’.
520 1196 594 1245 220.

228 1282 390 1362 Ζάκυνθος
408 1293 447 1358 Il.
464 1286 511 1373 β’.
530 1298 604 1380 634.

229 1397 334 1472 Ζάκτι
349 1454 357 1472 .
373 1455 381 1470 .
395 1403 427 1471 ἐν
444 1403 536 1473 ἔτνει.
562 1430 593 1472 v.
611 1401 752 1498 Ζαρτός.

228 1513 432 1599 Ζαλμιίτιον.
459 1523 505 1587 Su
512 1521 589 1606 [id].
606 1514 787 1600 Ζαμιίτιον.
813 1531 846 1587 et
862 1523 907 1588 ite
922 1524 1105 1609 legendum.
1289 1565 1323 1604 ,ο

228 1630 477 1724 Ζα[λ]ματος“.
495 1631 598 1726 πίναξ
612 1630 764 1730 ι’χθνηρός
776 1630 867 1729 παρὰ
883 1632 1043 1730 Παφίοις.
1060 1664 1092 1705 v.
1104 1631 1273 1722 Ζᾶβατος.

277 1776 302 1830 μ
320 1760 353 1817 et
369 1749 396 1835 β
412 1753 503 1819 facile
520 1761 770 1820 commutantur.
796 1776 815 1817 u
833 1745 947 1846 ζωμὸς,
967 1746 1131 1848 ζωμωτός.

228 1860 407 1958 Ζάμολξις.
420 1917 429 1935 .
441 1916 449 1934 .
462 1919 470 1934 .
481 1862 582 1935 ἄλλοι
598 1863 631 1934 δὲ
642 1862 703 1935 τὸν
717 1864 861 1960 Κρόνον.
879 1871 1032 1936 Mnaseas
1043 1872 1131 1956 apud
1143 1871 1189 1936 Su
1196 1871 1272 1956 [id].

283 1981 509 2070 [Postmodum
527 1978 674 2071 scripsit]
700 1986 799 2079 >Forte
815 1986 886 2050 haec
902 1985 1023 2050 inserta
1039 1995 1126 2052 sunt.

229 2092 385 2180 Ζαμβιίκη
404 2093 539 2190 Su[id].
558 2101 670 2187 cyrill.

228 2208 378 2293 Ζαμελὴς
394 2241 430 2293 μ.
448 2242 485 2280 τ.
504 2207 660 2306 εὔψυχος,
678 2216 719 2279 ad
736 2207 871 2308 ζαμενὴς
886 2216 1060 2301 pertinent.
1087 2217 1197 2306 Etym.

1288 2145 1321 2206 15

228 2323 441 2406 Ζατῆσεσθαι

228 2439 427 2537 Ζατρεφὲων
445 2447 485 2510 Il.
504 2440 542 2523 η’.
562 2467 634 2534 223.
659 2448 768 2518 ..λαις
786 2447 861 2512 sch.

228 2555 397 2642 Ζατῶσαι,
418 2553 575 2654 φωράσαι

227 2670 433 2768 Ζαυκίτροφ.
451 2677 560 2743 series.

227 2784 421 2882 Ζαφλεγὲες
439 2792 479 2857 ll.
497 2784 547 2882 φ’.
564 2793 640 2875 465.

227 2898 351 2997 Ζᾶχρα
368 2907 475 2972 series.

228 3015 396 3113 Ζαχρειῶν
413 3023 452 3086 Il.
470 3015 505 3086 s'.
522 3037 598 3108 525.

228 3129 376 3228 Ζαχρηὲς
393 3137 505 3224 cyrill.

228 3251 249 3292 *
262 3243 362 3339 Ζᾶψ,
379 3253 454 3344 πῦρ.
481 3253 560 3317 Lex.
577 3253 669 3318 Arm.

227 3361 355 3458 Ζαβὶχ.
386 3367 461 3431 Hoc
481 3367 552 3432 loco
570 3368 647 3453 Cyr.
666 3367 764 3431 habet
779 3358 879 3454 Ζὰψ,
894 3358 937 3432 τὸ
960 3367 1037 3458 πῦρ,
1058 3370 1115 3433 sed
1140 3369 1181 3432 ad
1206 3390 1274 3432 rem

278 3482 369 3546 nihil.
420 3483 460 3548 L.
478 3476 572 3573 Ζβίχ
589 3483 692 3548 Clem.
710 3483 804 3546 Alex.
821 3483 843 3548 l.
857 3500 890 3568 5.
907 3504 942 3567 p.
955 3498 1031 3567 570.

228 3591 305 3662 Ζὲα.
328 3589 459 3674 Ἑκάτη

228 3706 392 3803 Ζεγερίαι.
420 3713 542 3776 Herod.
560 3707 710 3802 Ζεγέριες
731 3729 803 3798 179,
820 3713 871 3780 26.

196 3889 199 3893 .
227 3822 286 3892 Ζεῖ
303 3828 342 3892 ΙΙ.
361 3822 413 3919 φ’.
431 3830 506 3914 362.
533 3819 679 3918 βράσσει
698 3825 829 3912 Su[id].

227 3935 305 4006 Ζειᾶ
324 3943 388 4007 Od.
406 3935 444 4006 δ’.
462 3945 537 4023 604.

229 4049 385 4147 Ζείδωρος
396 4049 505 4132 ..ἧτᾶ
519 4083 556 4122 τ.
572 4056 618 4120 Su
624 4051 701 4142 [id].
714 4055 789 4120 sch.
808 4047 957 4148 ζείδωρος
969 4048 1092 4152 ἄρουρα
1101 4050 1273 4144 ΙΙ.β’.548.

1287 3308 1320 3366 25

1284 3878 1323 3935 30

598 4265 613 4294 ⁸
629 4259 647 4310 λ
660 4256 789 4327 expunxit
802 4257 891 4312 Peers.

729 4381 792 4444 Yy
