3140 5054
529 331 933 396 HESYCHIANA.
1216 335 1255 396 31

212 491 385 585 Αἰγίναιον
418 498 470 566 vel
499 501 580 564 αῖον.
606 499 720 585 Βίερίι.
748 499 859 586 Etym.
889 506 957 564 erat
987 498 1074 564 enim
1101 498 1258 564 talentum

261 614 449 700 AEginaeum
466 613 575 678 Attico
592 613 708 700 majus.

211 723 384 818 Αἰγιναῖος
403 721 529 800 ὁΒολός
545 724 673 807 ὁμοίως.
701 728 814 816 steph.
832 729 944 816 Etym.

210 836 407 932 Αἰγινητικὰ
425 839 521 935 ἔργα.

210 953 370 1051 Αἰγείρον
395 955 463 1026 θέα.
504 953 628 1047 Su[id].
654 959 737 1024 male
764 950 832 1025 θεά.
859 959 955 1024 Eust.
981 975 1075 1046 1523,
1091 973 1146 1045 53.
1198 959 1284 1036 Est5

261 1075 347 1139 enim
365 1071 383 1151 ἡ
401 1069 456 1139 ἀπ’
476 1069 623 1167 αἰγείρον
640 1068 711 1154 θέα,
727 1075 779 1140 vel
795 1071 872 1165 παρ’
893 1068 1049 1166 αἴγειρον.
1094 1073 1183 1138 Male
1201 1075 1260 1160 igi-

260 1200 315 1255 tur
336 1191 491 1255 Schottus
507 1191 586 1254 Alm'
607 1193 828 1272 spectaculum.
850 1184 951 1280 ἰκρίον
969 1189 1095 1254 Meurs.
1117 1189 1139 1253 l.
1155 1211 1189 1270 4,
1205 1210 1258 1276 33.

260 1328 291 1370 v.
310 1299 378 1370 Θία
395 1302 473 1396 παρ’
493 1300 637 1396 αἰγείρῳ,
655 1313 688 1370 et
705 1298 794 1396 Παρ’
814 1299 947 1394 αἰγείρῳ
965 1299 1033 1370 θέα.
1050 1327 1080 1369 ν.
1098 1311 1132 1370 et
1148 1305 1259 1390 Etym.

261 1420 295 1484 in
314 1412 599 1512 θεατροκορᾶσια.

149 1626 152 1630 Ι
212 1528 349 1623 Αἰγείην
366 1530 482 1613 κννίην,
499 1529 569 1612 τὴν.
1274 1556 1308 1594 ιο

212 1645 359 1739 Αἰγειον.

213 1759 417 1854 Αἰγιάλειον.

213 1874 398 1969 Αἰγιαλεῖς.
415 1905 446 1948 v.
465 1883 571 1948 Strab.

214 1989 416 2084 Αἰγιαλίδες.
434 1998 545 2084 Etym.
558 1989 726 2085 Αἰγιάιίες.
746 1997 861 2064 Series.
879 1995 1001 2063 Verum
1013 1989 1159 2085 Αἰγίδες.
1173 1998 1261 2083 apud

265 2113 368 2206 Hissp.
381 2117 511 2195 420,16,
528 2135 604 2201 430,
617 2135 670 2183 αα.
689 2116 762 2180 Gal.
779 2115 814 2178 in
833 2114 942 2180 Gloss.
959 2114 1102 2200 exponit.
1115 2137 1146 2180 v.
1159 2106 1260 2200 Αἰγίς
1275 2131 1306 2194 15

264 2237 296 2294 et
314 2224 437 2318 Su[id].
453 2230 488 2293 in
505 2223 615 2317 Αἰγίς.

215 2337 408 2432 Αἰγίβοτον
425 2344 490 2409 Od.
508 2337 547 2410 δ’.
565 2348 639 2411 606.

215 2453 340 2547 Αἰγίδα
358 2455 607 2526 θυσσανόεσσαν
624 2461 663 2525 ΙΙ.
681 2453 715 2525 ε’.
735 2462 808 2547 738.

216 2567 368 2668 Αἰγίζειν
387 2623 395 2638 .
414 2622 422 2638 .
442 2623 449 2638 .
468 2571 530 2638 αἰκ.
553 2569 677 2664 Sui[d].
698 2567 889 2667 αἰγίζεσθαι
916 2567 1108 2664 -νευρίδας
1136 2567 1259 2662 Su[id].

266 2682 423 2782 νεβρίδας.
1273 2713 1309 2751 20

216 2798 403 2897 Αἰγίκερας.
428 2808 529 2882 τῆλνς
547 2806 660 2892 steph.

217 2913 359 3008 Αἰγίλια
384 2921 491 2986 series.
544 2922 609 2986 Sed
625 2945 656 2986 v.
673 2914 819 3009 Αἰγλας.
843 2915 891 2986 ἰσ.
908 2914 1078 3009 Αἰγιναία.
1104 2943 1134 2986 ν.
1154 2920 1260 2986 Strab.

265 3033 306 3098 Α.
324 3042 357 3098 et
373 3035 482 3100 Schol.
501 3035 594 3100 Pind.
624 3033 672 3126 [v.
690 3058 724 3122 p.
739 3058 807 3120 seq.
832 3036 889 3102 lin.
909 3031 955 3122 6.]

217 3142 428 3240 Αἰγίλονρος.
453 3142 586 3222 κοίττος.
613 3153 723 3238 Etym.
742 3143 954 3243 Αἰγίλονρος,
980 3145 1144 3244 αἴλουρος.
1197 3151 1261 3216 Sed

265 3288 296 3330 v.
309 3258 510 3353 Αἰγίπνγος.
1272 3285 1308 3350 25

217 3374 339 3468 Αἴγιον
358 3382 397 3446 Il.
415 3374 463 3462 β’.
481 3397 556 3468 574.

216 3489 425 3583 Αἰγιόνομοι.
451 3497 557 3582 cogita
572 3489 773 3583 Αἰγανόμια.

217 3601 417 3697 Αἰγίπνγος.
443 3611 483 3674 L.
501 3602 698 3702 Αἰγίπνρος.
738 3611 802 3675 Sed
820 3609 933 3696 cogita.

217 3717 343 3812 *Αἰγίς
360 3726 439 3789 Eur.
458 3728 532 3811 699.

216 3833 392 3928 Αἴγισκον.
418 3833 499 3928 αἰγα
517 3837 679 3919 ἐκτομίαν.

218 3949 402 4047 Αἰγιόχοιο
420 3957 461 4020 Il.
478 3947 518 4021 α’.
538 3978 611 4025 202.

217 4064 383 4162 Αἰγίοχος
400 4072 438 4135 Il.
456 4065 503 4154 β’.
521 4088 596 4159 375.

220 4187 241 4230 ²*
254 4178 417 4274 Αἰγωπόν
435 4182 535 4264 ὄμμα.
562 4187 697 4252 Aristot.
716 4186 822 4251 Probl.
839 4209 873 4272 p.
888 4203 940 4272 74,
955 4207 1003 4273 19.

216 4296 420 4391 Αἰγλῆεσσι.

175 4461 176 4464 ¹
215 4413 406 4514 Αἰγλήτην,
422 4416 447 4484 e’.
474 4421 625 4507 Apollon.
642 4421 664 4484 l.
678 4441 709 4500 4.
745 4418 871 4484 Gallim.
889 4441 941 4503 ap.
960 4417 1065 4482 Strab.
1083 4419 1135 4498 46.
1272 4419 1309 4482 35
