3188 5052
574 339 970 404 HESYCHIANA.
1252 337 1296 400 87

246 497 393 590 Ἀντίαν,

246 620 407 692 Ἀντιόιον
425 628 489 692 Od.
508 621 549 694 α’.
569 649 621 714 25.

245 735 472 809 Ἀντιοάντιον
491 745 529 810 ll.
548 736 603 830 φ’.
622 747 697 831 643.

244 848 429 947 Ἀντιοχεῐ.
453 853 501 923 ἰ’σ.
516 851 759 924 Ἀντιοστατεῖ
774 855 875 944 soph.
894 859 969 944 396.

244 967 436 1040 Ἀντιόιοσα
455 975 494 1038 ΙΙ.
512 969 554 1040 α’.
572 995 626 1061 31.
1305 990 1320 1049 5

247 1082 467 1159 *Ἀντίπαις
486 1113 517 1156 v.
537 1082 690 1160 Παιάνάς.
709 1091 860 1152 Ammon.
879 1087 912 1150 in
931 1081 1049 1177 Γέρων.
1064 1087 1154 1181 ῬΙιιῑ.
1176 1089 1234 1156 261
1253 1088 1292 1151 Β.

244 1196 464 1269 Ἀντίπαλον.
479 1197 564 1270 Puto
575 1204 628 1268 hio
640 1205 762 1288 aliquid
773 1203 895 1282 deesse,
906 1220 1011 1286 neque
1024 1202 1222 1289 Thucydidis
1235 1226 1293 1266 no-

296 1319 382 1383 mine
395 1342 492 1384 usum
504 1320 603 1384 fuisse
620 1320 660 1384 ad
678 1322 761 1386 hano
775 1318 1050 1404 significationem.
1078 1317 1221 1403 suppleo
1234 1319 1293 1382 ita-

296 1457 369 1519 que,
382 1429 571 1513 θονκνάίάης
587 1428 660 1500 ΐσον
677 1435 728 1500 vel
745 1430 921 1499 ἰσόπαλον.
943 1429 1013 1522 [ΑΙ.
1028 1455 1077 1499 ex.
1091 1435 1204 1498 AEsch.
1220 1429 1287 1518 81.]

244 1542 536 1642 Ἀιπιπαράθεσις.
562 1551 653 1616 deest
669 1550 835 1637 expositio.
1304 1577 1340 1613 10

244 1652 539 1759 Ἀντιπαρεξάγει.

243 1776 523 1874 Ἀντιτελαργεῐν
541 1785 651 1870 Etym.

244 1891 439 1990 Ἀντίπερα.
469 1922 510 1963 an
528 1900 668 1986 respexit
685 1895 866 1990 ἀντιπέραι’
886 1900 925 1963 ΙΙ.
941 1889 990 1980 β’.
1010 1903 1084 1986 635.
1102 1924 1133 1964 v.
1144 1921 1212 1986 p.p.
1303 1935 1312 1950 ι

243 2007 528 2107 Ἀνπιπεφάσθαι.
566 2016 642 2080 Uno
658 2016 756 2080 verbo
775 2015 918 2102 Hesyeh.
938 2010 1040 2100 (quod
1065 2016 1195 2080 alterius
1220 2015 1290 2080 loeo

295 2131 384 2206 moti,
403 2124 446 2220 (?)
470 2131 514 2195 ita
536 2123 1206 2220 Etym.'Av·r17reqi‹ioOot‚dvrtxedvdvat)
1233 2133 1288 2196 sed
1302 2153 1336 2212 15

296 2247 454 2333 expositio
469 2247 574 2333 tangit
590 2239 775 2338 πεφάσθαι.
803 2249 847 2311 Et
860 2248 990 2332 quidem
1007 2248 1041 2311 in
1057 2249 1192 2313 Homeri
1208 2249 1289 2326 loco,

295 2386 392 2448 quem
418 2363 566 2449 respexit,
595 2363 846 2448 disjunguntur:
879 2360 933 2450 [ll.
951 2359 995 2428 ω’.
1015 2363 1102 2451 α53.]
1131 2360 1195 2432 αἵθ’
1219 2358 1289 2440 ἅμα

295 2471 414 2550 πάντες
433 2473 602 2571 Ἕκτορος
624 2474 766 2571 ὠφέλετ’
785 2473 859 2544 ἀντί
886 2478 962 2566 θοῇς
985 2474 1039 2543 ε’πὶ
1066 2475 1153 2556 νηυσί
1177 2471 1289 2571 πεφά-

295 2594 397 2661 σθαι.
411 2619 442 2662 ν.
463 2587 660 2687 Πεφάσθαι.

244 2703 448 2799 Ἀντίπηγα,
466 2707 590 2788 κίστην.
628 2704 821 2802 ΕὑρἽωνι.
854 2703 945 2801 Ὀρῶ
971 2703 1117 2776 παλαιάν
1134 2705 1287 2798 ἀντίπηγ’
1300 2737 1337 2776 20

294 2824 326 2893 έν
351 2824 539 2906 στέμμασιν
563 2821 628 2892 Ἐν
649 2819 728 2916 τῇδέ
760 2822 791 2892 σ’
819 2823 947 2909 ἔλαβον
981 2822 1132 2914 νεογάνον
1159 2823 1289 2920 βρέφος

294 2939 390 3010 ποτέ.
416 2938 601 3031 ἢάγγεΐον.
645 2944 696 3006 Ita
712 2943 827 3029 Eurip.
845 2966 919 3006 cum
937 2952 1011 3008 ante
1029 2943 1161 3008 dixisset
1178 2939 1289 3021 κοίλης

293 3057 325 3126 έν
338 3056 520 3147 ἀντίπηγος
537 3054 684 3152 εὐτρόχῳ
697 3054 810 3144 κύκλῳ.
828 3081 895 3145 p.p.
913 3055 1028 3141 λαβὼν
1042 3056 1140 3150 νέφος
1157 3053 1288 3147 νεογνάν

293 3173 326 3242 ἐκ
348 3171 459 3254 κοίλης
483 3172 607 3267 πέτρας
624 3166 726 3260 Αάτῷ
749 3168 807 3239 σὺν
824 3167 936 3262 ἀγγει.
988 3176 1033 3242 Et
1049 3197 1189 3255 rursum,
1206 3179 1288 3241 πλε-

293 3285 371 3359 κτὸν
388 3283 504 3384 ἐξάρας
520 3287 638 3360 σκάτος
655 3283 796 3356 εἱλικτὸν
813 3285 1005 3379 ἀντίπηγος.
1022 3287 1069 3357 ἰ’σ.
1087 3289 1191 3364 κύτος.
1212 3289 1287 3358 ἀνα·
1300 3307 1333 3365 25

224 3451 229 3462 ·
293 3401 417 3497 πτύξας
434 3403 562 3478 σκάτος.
585 3431 615 3472 v.
630 3400 785 3472 Ammon.

242 3518 464 3615 Ἀντίπρωρα.
483 3515 594 3588 ἀνι-ιπ.
615 3519 745 3614 (πρώρα
763 3547 798 3610 γ.
811 3550 845 3589 π.
863 3550 900 3588 π.
918 3519 971 3590 καὶ
988 3517 1036 3589 ἀν.
1055 3517 1287 3617 ἀνδροπράσιο-

292 3639 371 3729 πον)
390 3635 431 3704 Σ.
478 3641 529 3704 Ita
545 3639 739 3726 legendum:
766 3641 934 3705 nonenim
952 3633 1183 3733 ἀνάρόπριορον
1200 3644 1288 3728 apud

293 3757 393 3842 Soph.
411 3756 445 3820 in
462 3757 576 3820 Ττοολ.
595 3755 762 3840 reperitur,
781 3756 838 3820 sed
854 3750 1054 3847 ἀντίπρωρα.
1073 3779 1106 3843 p.
1120 3779 1194 3844 331.
1212 3750 1285 3824 τάδ’

291 3867 481 3963 ἀντίπρωρα
499 3864 535 3947 δή
553 3897 609 3936 σοι
628 3865 773 3937 Βλέπειν
790 3863 929 3964 πάρεστ’
948 3869 1078 3963 ἐναργῆ.
1297 3889 1335 3944 30

240 3981 563 4080 'Avxixrvp‘yerun
581 4004 656 4074 554.
714 3985 717 3990 Δ

240 4098 448 4195 Ἀντίρρινον
465 4127 495 4168 ν.
514 4105 592 4169 Lex.
612 4104 685 4168 Gal.
704 4127 734 4167 v.
754 4103 864 4168 Bodae.
882 4126 916 4189 p.
931 4120 1023 4187 1174.

240 4214 502 4310 Ἀντισχνεῐται.

238 4328 332 4400 Ἀντ’
355 4327 503 4425 ι’σχάάος.
