3200 5058
302 359 393 459 ια’
650 393 1005 458 Αονοιιειιιιι

351 562 395 626 ita
421 552 595 651 Βᾶβρηκες
625 570 658 625 et
684 555 851 652 Βέβρηκες
877 560 1009 626 minime
1036 560 1197 625 diversam
1225 556 1354 644 exposi-

351 676 473 741 tionem
490 676 623 740 habent.

304 785 455 882 Βαβρὴν,
472 785 659 863 ὑπόστασις
676 787 777 856 ἐλέου.
823 792 933 857 Scribe
950 786 1071 856 ἐλαίου.

303 902 482 988 ΒαβῦηκΝ.
501 908 540 971 L.

304 1017 450 1106 Βαβῦας.
466 1016 592 1111 Su[id].
625 1017 795 1104 Βαβὺλας,
813 1032 846 1087 et
869 1023 947 1087 Lex.
966 1023 1117 1087 Armach.
1135 1029 1168 1086 at
1185 1023 1352 1086 Eudemus
1362 1041 1380 1100 5

354 1161 430 1204 cum
449 1140 554 1225 Hesy.
573 1133 720 1220 Βαβῦας,
738 1131 854 1216 πηλὸς,
871 1129 1013 1229 βάθρον,
1027 1134 1131 1219 βῆμα.

306 1249 453 1342 Βαγαῖα.
471 1277 501 1319 ν.
521 1249 687 1331 Σμνστία.

306 1363 498 1460 Βαβύρτας.
538 1368 589 1434 Cl.
608 1369 707 1432 Salm.
729 1369 764 1432 in
791 1369 837 1432 Η.
856 1369 941 1453 Aug.
968 1390 1002 1452 p.
1020 1388 1095 1453 514.
1120 1367 1198 1452 legit
1224 1360 1355 1458 Βαθῦρ-

351 1509 422 1577 ραι,
439 1494 477 1550 ut
494 1485 572 1550 Isid.
589 1487 765 1563 Βαόιιιννιι,
782 1487 908 1560 eteltm,
922 1491 955 1548 et
968 1484 1075 1548 Gloss.
1093 1491 1185 1548 vetus
1196 1485 1353 1563 Habere,

357 1593 484 1692 ἄφρων,
501 1595 650 1680 ἀνόητος,
675 1590 825 1676 μα’ταιος.
869 1599 933 1664 Sed
958 1598 1081 1662 facilius
1103 1606 1153 1662 est
1177 1621 1269 1663 ex..
1292 1599 1404 1663 lia-10

358 1717 474 1782 tino..
495 1717 649 1780 Latinum
673 1716 776 1780 faeere
799 1737 896 1800 quem
919 1737 959 1780 ex
977 1714 1092 1778 Graeeo
1118 1721 1167 1778 est
1193 1713 1355 1779 Graeeum.

359 1830 448 1896 Quid
470 1830 568 1915 igitur
595 1830 622 1894 si
639 1824 820 1921 Βαβύρτας
843 1830 924 1894 nihil
946 1831 1033 1896 eliud
1056 1829 1098 1893 sit
1119 1851 1216 1913 quam
1238 1851 1356 1897 nomen

359 1946 419 2010 viri
436 1947 476 2010 de
498 1969 563 2031 quo
582 1947 696 2032 Polyb.
713 1970 746 2034 p.
767 1963 828 2034 273
847 1948 887 2011 E.

310 2051 485 2143 Βάβνιιτα.
525 2063 620 2127 Forte
649 2057 798 2144 Βαβύκα.
826 2063 891 2127 vid.
920 2063 1005 2128 Plut.
1033 2063 1221 2148 Lycurgum
1252 2084 1285 2146 p.
1306 2062 1357 2145 78.

363 2177 506 2262 Pelopid.
539 2180 599 2262 287
619 2180 660 2244 A.
695 2187 728 2242 et
757 2179 975 2265 Epaminond.
1009 2203 1043 2264 p.
1061 2195 1137 2265 523.
1172 2199 1236 2241 non
1272 2178 1358 2261 quod
1374 2193 1406 2251 ¹5

362 2285 524 2373 Βαβῦκτα
535 2302 664 2376 pontem
676 2294 789 2359 Graeee
807 2295 976 2379 significet,
994 2294 1051 2358 sed
1067 2295 1156 2380 quod
1171 2317 1255 2379 pone
1272 2301 1361 2358 extra

363 2406 512 2493 Spartam
537 2432 575 2474 eo
597 2410 727 2474 nomine
756 2410 981 2495 appellaretur.
1023 2411 1109 2475 Plut.
1128 2404 1199 2487 Τὴν
1229 2403 1264 2474 δὲ
1292 2403 1362 2473 Βα-

363 2518 464 2604 {lixae
493 2520 545 2590 καὶ
575 2518 636 2591 τὸν
663 2520 826 2591 Κνακίονα
858 2527 908 2591 νῦν
938 2521 1100 2592 Οἶνοΰντα
1133 2519 1362 2617 προσαγορεύ-

362 2655 463 2702 ουσιν·
499 2633 741 2730 Ἀριστοτέλης
771 2634 805 2706 δὲ
827 2633 887 2706 τὸν
914 2635 971 2719 μὲν
999 2636 1168 2707 Κνακίιονα
1198 2633 1362 2719 ποταμὸν,

356 2747 420 2842 τὴν
438 2747 472 2818 δὲ
488 2748 646 2836 Βαβύκαν
663 2750 823 2847 γέφυραν.
1374 2777 1413 2816 20

317 2859 475 2949 Βᾶδηδοι,
493 2868 609 2960 ἧχεῐοι.
651 2872 797 2957 Utraque
813 2895 876 2938 vox
892 2873 972 2938 mihi
989 2874 1108 2959 pariter
1125 2873 1256 2960 ignota:
1281 2873 1363 2937 forte

365 2986 570 3051 scribendum
594 2981 740 3055 Ἠλεῖοι.
776 3012 849 3074 quae
884 2991 1067 3076 conjecture
1092 2990 1119 3054 si
1140 3013 1213 3054 vera
1237 2989 1289 3068 sit,
1313 2989 1364 3053 in-

365 3103 549 3187 terpretatio
576 3104 663 3169 vocis
694 3107 794 3184 deest,
833 3113 872 3172 ut
900 3106 996 3171 alibi:
1041 3101 1177 3171 Βαῖκαν.
1221 3100 1362 3196 Κρῆτες.

367 3217 482 3301 Neque
505 3220 611 3285 adhue
637 3221 717 3285 mihi
744 3222 921 3288 satisfacio:
946 3222 1051 3287 scribo
1071 3223 1201 3307 itaque:
1229 3212 1362 3285 Βάδυοι.

366 3327 510 3400 Ἠλεῖοι.
567 3337 639 3402 Elei
656 3338 776 3404 seilicet
792 3339 838 3403 ita
853 3339 1113 3404 nominabantur.
1161 3339 1256 3404 Ratio
1273 3340 1361 3403 haee:
1375 3360 1391 3398 ι
1393 3353 1411 3418 5

368 3441 487 3515 bElide
513 3452 553 3516 ab
573 3455 715 3518 Hercule
738 3463 832 3541 capta
849 3463 946 3539 atque
971 3455 1105 3541 direpta,
1123 3456 1265 3520 orbatam
1288 3453 1363 3518 viris

366 3566 502 3650 petriam
523 3569 663 3634 foeminae
688 3570 846 3635 miserutoe
870 3571 1051 3636 Minervam
1074 3581 1177 3651 orant,
1194 3581 1232 3636 ut
1256 3571 1360 3656 ptimo

367 3703 479 3746 omnes
506 3685 593 3749 coitu
620 3687 759 3771 gravidae
786 3688 877 3752 fiant.
926 3688 1003 3752 Voti
1027 3697 1203 3775 compotes,
1220 3682 1303 3753 αὐτό
1325 3713 1364 3754 τε

366 3787 410 3860 τὸ
435 3794 555 3887 χωρίον
581 3795 672 3866 Βαδὺ
698 3793 906 3896 ὀνομάζουσι,
924 3798 977 3868 καὶ
999 3797 1153 3882 ποταμὸν
1169 3795 1229 3870 τὸν
1245 3798 1364 3893 ῥέοντα

367 3906 503 3978 ἐνταῦθα
521 3908 603 4008 ὕδωρ
619 3911 712 3982 Βαδὺ
728 3915 891 4009 ἐπιχωρίῳ
909 3920 1009 4011 φωνῇ.
1072 3922 1157 3985 Eece
1181 3929 1213 3984 et
1237 3921 1308 3986 loco
1334 3927 1365 3985 et
1375 3940 1414 3996 30

368 4028 466 4094 fluvio
491 4055 608 4097 nomen
637 4028 732 4116 βαδὺ,
760 4037 914 4101 Eleorum
940 4037 1050 4122 lingua
1067 4038 1187 4104 scilicet
1211 4059 1271 4124 pro
1301 4030 1365 4114 ἡδύ.

371 4144 507 4212 Pausan.
526 4150 565 4214 L.
577 4150 618 4215 V.
643 4151 689 4236 [p.
704 4151 794 4238 380.]
826 4153 894 4217 Aut
910 4153 1008 4239 igitur
1020 4153 1092 4221 Elei
1109 4153 1186 4218 dieti
1201 4161 1278 4218 sunt
1295 4145 1367 4218 Βά-

370 4252 447 4341 tlvot,
464 4273 521 4329 aut
539 4265 683 4352 Hesyeh.
708 4266 845 4351 scripsit,
869 4260 970 4331 Βαδύ.
1006 4264 1038 4331 οἱ
1054 4262 1198 4334 Ἠλεῖοι.
1244 4269 1365 4340 Prece-

371 4375 419 4442 dit
451 4378 548 4460 euim,
574 4372 740 4460 Βάδομαι,
770 4376 904 4468 ἀγαπῶ,
939 4383 1028 4467 quod
1065 4383 1147 4448 nihil
1180 4384 1267 4450 eliud
1306 4391 1365 4458 est,

613 4521 685 4576 ναι
698 4521 760 4578 ue.
773 4522 1071 4580 ubereueutueue.
