3140 5054
298 390 331 456 iv
672 393 1041 457 PRAEFATIO.

301 576 320 604 “
333 574 375 634 ut
389 564 605 656 conjunctim
623 573 746 655 postea
763 566 807 634 ad
826 563 959 635 calcem
974 567 1087 658 operis
1101 589 1224 636 omnes
1235 565 1401 638 Pearsani

300 691 322 720 “
338 679 448 750 Notae
466 679 610 772 proferri
630 682 793 771 queant.''
996 683 999 688 ’

350 797 403 867 Ea
427 819 511 889 ergo
542 820 619 888 quae
648 794 682 864 J.
701 794 873 865 Alhertus
903 803 985 866 ante
1015 819 1124 867 annos
1153 797 1226 868 fere
1256 808 1401 867 centnm

299 913 428 982 frustra
450 899 666 1004 quaesiverat,
687 935 753 1004 ego
779 911 896 994 hodie,
916 911 1092 1005 Magistro
1116 922 1154 982 et
1177 912 1291 984 Sociis
1309 914 1400 984 Call.

300 1029 364 1099 SS.
376 1027 556 1100 Trinitatis
579 1051 681 1100 usum
700 1049 822 1099 eorum
841 1025 993 1120 benigne
1010 1030 1294 1111 concedentibus,
1312 1030 1402 1122 pub-

298 1147 357 1218 lici
378 1148 469 1240 juris
494 1145 595 1228 facio,
618 1168 730 1238 pauca
755 1146 790 1214 in
817 1154 1039 1216 antecessum
1066 1147 1111 1214 de
1137 1148 1250 1238 operis
1265 1147 1401 1216 habitu

299 1272 336 1332 et
353 1262 472 1333 indole
489 1262 668 1354 praefatus.

350 1380 465 1473 Igitur
493 1377 692 1448 Reverendi
723 1377 914 1446 admodum
945 1377 1002 1448 Jo.
1025 1377 1192 1448 Pearsoni
1221 1380 1258 1447 in
1287 1378 1402 1472 Hesy-

299 1497 417 1566 chium
437 1496 650 1568 Adversaris
666 1497 780 1565 tribus
803 1494 1035 1568 voluminibus
1057 1504 1220 1566 constant
1243 1498 1281 1565 in
1305 1497 1400 1594 folio,

299 1633 341 1681 ea
366 1611 479 1681 forma
502 1620 539 1682 et
561 1611 806 1704 magnitudine
826 1610 1026 1680 chartarum
1053 1635 1134 1702 quae
1153 1611 1259 1704 vulgo
1282 1611 1402 1704 appel·

270 1738 271 1741 ’
299 1727 393 1798 latur
409 1723 582 1821 scalscap.
636 1725 690 1796 Ea
714 1728 832 1796 nescio
858 1750 929 1818 qua
957 1750 1040 1796 casu
1065 1728 1110 1796 ad
1131 1727 1304 1797 Thomam
1330 1727 1402 1797 Ga·
1528 1778 1537 1790 .

299 1843 417 1920 lenm³
452 1842 570 1913 delata
598 1844 743 1912 tandem
778 1865 939 1931 a.1701.,
970 1865 1062 1912 anno
1094 1843 1228 1913 scilicet
1262 1845 1400 1914 decimo

299 1960 423 2052 quinto
445 1968 526 2051 post
551 1959 704 2029 auctoris
725 1960 873 2041 obitum,
895 1959 1021 2028 eodem
1042 1957 1159 2029 Galea
1186 1960 1340 2030 donante
1363 1958 1401 2027 in

299 2077 551 2147 bibliothecam
575 2075 655 2146 coll.
675 2073 740 2145 SS.
757 2075 941 2144 Trinitatis
964 2082 1155 2159 cesserunt,
1184 2075 1305 2166 ibique
1332 2077 1401 2168 sig-

273 2201 383 2264 nata
409 2185 491 2270 sunt
509 2192 553 2262 R.
572 2219 602 2282 9.
620 2215 651 2283 5.
671 2191 715 2262 R.
735 2219 767 2282 9.
785 2199 815 2260 6.
835 2190 879 2260 R.
898 2217 928 2281 9.
950 2212 979 2278 7.
1031 2189 1088 2259 De
1106 2192 1232 2292 quibus
1254 2189 1400 2284 singulis

299 2333 393 2380 nuuc
411 2309 593 2402 speciatim
611 2309 800 2379 dicendum
818 2316 883 2378 est.

359 2441 541 2513 Volumen
569 2443 720 2533 primum
750 2446 812 2520 (sc.
835 2441 879 2510 R.
903 2468 933 2530 9.
958 2444 1004 2531 5.)
1036 2437 1182 2509 titulum
1201 2437 1398 2529 'praefixum

298 2560 416 2642 habet,
437 2555 605 2632 Venabula
623 2555 670 2628 ad
685 2553 899 2650 Hesychiam
917 2556 1114 2650 spectantia.
1160 2555 1201 2624 In
1220 2577 1262 2623 eo
1280 2577 1400 2647 paneae

299 2677 522 2769 reperiuntur
551 2672 836 2752 emendationes;
866 2670 1034 2763 permulti
1064 2679 1183 2739 autem
1213 2672 1400 2762 scriptores

299 2803 437 2862 veteres
469 2789 568 2860 citati
599 2796 692 2868 sunt,
721 2809 808 2878 quos
838 2785 893 2854 vel
924 2786 1080 2880 respexit
1109 2785 1165 2854 vel
1197 2808 1241 2854 ex
1273 2786 1400 2878 quibus

299 2907 465 2978 illustrari
488 2905 597 2997 possit
616 2903 825 2995 Hesychius.
877 2901 946 2984 His
969 2903 1020 2972 ita
1042 2925 1125 2972 usus
1149 2925 1237 2983 sum,
1259 2911 1301 2971 ut
1322 2925 1401 2994 par-

300 3027 363 3095 tim
391 3023 590 3114 anteposita
617 3021 792 3101 asterisco,
814 3019 942 3112 partim
968 3018 1105 3088 uncinis
1127 3016 1292 3088 adhibitis
1317 3041 1399 3087 cum

299 3141 397 3210 brevi
419 3137 542 3208 notula
559 3143 581 3176 “
593 3136 637 3205 al.
656 3135 742 3216 ex.”‚
761 3135 981 3204 uberioribus
999 3133 1311 3216 observationibus,
1323 3158 1400 3224 quae
1455 3211 1456 3216 ἵ

301 3256 370 3324 duo
405 3253 540 3345 reliqua
573 3251 753 3322 volumina
787 3249 1024 3342 suppeditant,
1055 3249 1299 3318 immiscerem.
1356 3249 1399 3317 In

300 3370 470 3462 principio
488 3367 592 3460 hujus
609 3365 796 3435 voluminis
813 3364 898 3462 haec
906 3376 1049 3435 exarata
1066 3366 1221 3458 reperio:

349 3501 406 3574 De
419 3500 543 3598 plessis
559 3497 655 3570 Plut.
673 3497 728 3570 M.
747 3520 809 3590 375
825 3497 865 3566 F.

229 3724 232 3730 .
352 3631 661 3716 {cantamerula

350 3763 468 3836 Malta
493 3762 590 3834 babet
615 3760 724 3857 Hesp.
742 3786 819 3836 cam
842 3759 976 3834 Glossis
1003 3758 1287 3836 Groeaobarbaais
1312 3783 1401 3832 aom-

301 3882 432 3964 munia,
450 3890 497 3964 at,
515 3878 659 3981 Ἀβαρὺ,
678 3873 810 3964 ”Adeas
829 3876 949 3964 'Adra
964 3875 1155 3972 Ἀβλαροι,
1182 3899 1259 3970 qaoe
1285 3876 1402 3946 amaia

300 3995 517 4070 videaturad
535 3993 604 4066 alia
622 3996 762 4066 inserta.

332 4197 352 4253 ’ἃ
374 4218 409 4272 In
427 4215 565 4290 principio
580 4215 730 4272 voluminis
744 4215 826 4290 primi
842 4217 877 4274 R.
893 4234 921 4290 9.
937 4228 965 4291 5.
981 4216 1085 4290 signati
1106 4216 1167 4272 haec
1188 4215 1293 4289 scripta
1313 4222 1399 4271 sunt:

303 4313 387 4369 These
400 4311 508 4386 Papers
525 4311 560 4386 as
568 4311 672 4387 Bisdap
687 4312 835 4369 Pearsaa’s
852 4331 921 4368 were
940 4313 1075 4368 removed
1094 4312 1148 4368 aad
1165 4311 1262 4385 placed
1281 4311 1309 4368 ia
1324 4309 1399 4366 aisn.

303 4410 372 4466 coll.
390 4408 497 4465 Cambr.
513 4408 546 4484 by
562 4409 611 4465 Ta.
627 4408 703 4474 Gale,
718 4409 758 4464 D.
768 4409 820 4474 D.,
837 4428 865 4465 n.
877 4429 906 4466 n.
923 4426 1007 4481 ¹70¹·
1097 4441 1099 4445 .
