3140 5054
531 381 919 450 HESYCHIANA.
1208 381 1251 452 19

155 637 157 640 Ι
206 541 377 640 Ἀγρόπαι
395 547 459 613 Οθ.
473 540 519 614 π’.
535 549 607 616 218.
636 539 1011 635 [Ιιιι1.οιι.1.]ο.4θ4]

205 653 443 754 Ἀγροπερᾶων
460 663 499 728 11.
513 656 560 745 β’.
575 665 594 728 8
595 678 649 749 52.

206 773 447 871 Ἀγροπὲροισι
465 779 504 846 Il.
517 773 562 858 μ’.
580 783 651 862 146.

205 890 414 985 Ἀγρῶσσων
431 888 545 961 Od.e'.
558 912 612 982 53.

205 1004 404 1100 Ἀγρῶσται
421 1011 530 1097 Apoll.
552 1011 619 1094 l.4.
646 1025 706 1098 175
722 1010 797 1079 sch.
1257 1041 1274 1104 5

207 1118 402 1217 Ἀγρώσπη.
429 1127 539 1212 Etym.
550 1121 760 1218 Ἀγρωσπις,
777 1126 896 1212 etipse
913 1126 1009 1214 paulo
1026 1134 1110 1216 post.
1143 1125 1248 1192 Series

254 1241 387 1326 requirit
401 1237 591 1334 Ἀγρόσπη.
613 1267 644 1312 ν.
659 1237 786 1335 Λοχιᾶ.

206 1349 338 1446 Ἀγροῦ
353 1357 455 1445 πηγή.
483 1353 607 1448 Su[id].
620 1383 651 1425 v.
665 1360 739 1427 vat.
753 1361 840 1446 App.

197 1465 398 1562 Ἀγρωσπιν
415 1475 480 1540 Οθ.
495 1466 538 1568 ζ’.
554 1497 596 1561 90
610 1476 684 1541 Sch.

204 1581 380 1680 Ἀγρυξία,
398 1589 514 1668 σιωπή.
541 1593 593 1656 Ne
611 1593 677 1684 γρῦ
692 1592 832 1677 quidem.
1258 1619 1295 1662 ιο

205 1698 367 1794 Ἀγρύλη.
404 1705 450 1770 ita
478 1707 564 1771 enim
593 1707 716 1792 aliquos
746 1707 912 1794 scripsisse
941 1706 1039 1771 tradit
1069 1706 1181 1792 Stepb.
1211 1707 1246 1772 in

254 1815 439 1912 Ἀγραῦλη.
479 1822 645 1892 Meursius
661 1845 720 1909 pro
737 1818 789 1887 καὶ
806 1822 885 1908 legit
900 1821 928 1900 ἥ.
973 1823 1075 1888 “Aut
1090 1822 1177 1887 enim
1194 1845 1246 1887 ao-

255 1939 274 1972 “
291 1934 506 2022 cipiendum,'’
523 1937 639 2024 inquit,
660 1945 680 1974 ‘⁸
700 1939 794 2004 binos
810 1939 872 2004 hoc
894 1939 1024 2004 nomine
1040 1939 1178 2028 populos
1195 1940 1246 2004 fu-

254 2054 276 2086 “
293 2051 367 2130 isse,
384 2076 488 2118 unum
504 2053 539 2118 in
555 2053 676 2119 Attalis
696 2053 795 2134 tribu,
812 2055 948 2118 alierum
970 2053 1004 2116 in
1022 2053 1172 2118 Erecthei
1194 2055 1244 2118 de.

254 2168 275 2202 “
292 2169 390 2235 Quod
413 2164 561 2238 falsum.”
622 2172 674 2235 Ira
698 2171 769 2236 ille:
796 2172 854 2235 sed
877 2171 1004 2234 frustra.
1057 2170 1133 2234 Duo
1159 2169 1244 2234 enim
1257 2197 1270 2236 ι
1275 2193 1292 2255 5

253 2281 403 2348 videntur
423 2285 532 2350 fuisse.
585 2287 681 2352 Unde
705 2286 863 2371 Harpocr.
886 2285 921 2348 in
939 2276 1145 2373 Ἀρδηπτοι,
1163 2276 1245 2375 πρὸς

134 2462 140 2472 ,
253 2397 303 2482 τῷ
335 2392 421 2484 δήμῳ
454 2401 519 2467 τῶν
551 2397 719 2493 ὑπένερθεν
748 2395 949 2492 Ἀγρυλέων.
1013 2400 1116 2464 Erant
1147 2400 1246 2484 igitur

254 2509 432 2606 Ἀγρυλεῖς
457 2513 653 2609 καθύπερθεν
680 2526 713 2583 et
738 2511 917 2609 Ἀγρυλεῖι
941 2509 1118 2612 ὑπένερθεν,
1146 2522 1185 2580 ut
1213 2523 1246 2578 et

255 2622 430 2724 Λαμπραῖ.

204 2740 342 2834 Ἀγνιαῖ
357 2748 396 2812 Il.
411 2739 455 2842 ζ’.
469 2770 488 2818 2
489 2765 542 2836 52.

204 2855 421 2950 Ἀγννᾶπνθει,
439 2862 475 2930 αἱ
498 2858 566 2958 πρὸ
592 2864 692 2958 θυρῶν
709 2857 911 2956 θεράπαιναι.
964 2866 1016 2930 lta
1031 2865 1093 2950 leg.
1112 2862 1245 2928 suadere
1276 2951 1283 2962 .

251 2979 378 3044 videtur
399 2981 493 3046 Eust.
515 2984 586 3060 166,
606 3002 656 3068 23.
709 2981 775 3048 Sed
799 2981 914 3067 cogita,
965 2982 1049 3050 Vide
1072 2980 1184 3072 Steph.
1211 2979 1245 3048 in

249 3086 386 3180 Ἀγυιᾶ.

201 3202 341 3296 Ἀγνιὰς
359 3205 435 3275 Il.'
411 3237 446 3280 ε.
460 3214 534 3294 642.

202 3317 247 3363 *’
235 3318 415 3412 ’Am-raa
434 3327 527 3397 Pisd,
541 3345 615 3416 317.

194 3431 348 3527 Ἀγνιοπ
376 3443 493 3511 Gatak.
510 3444 724 3530 nescioquis

203 3547 339 3646 Ἀγύρει
358 3551 445 3626 IL
411 3583 457 3622 π.
472 3561 545 3624 661.

203 3661 367 3760 Αγνρπης
376 3720 388 3740 .
403 3720 411 3736 .
427 3721 436 3738 .
450 3666 660 3764 συρφετώδης
677 3674 821 3738 Meurs..
835 3721 843 3738 .
852 3667 971 3756 βόλον.
989 3673 1099 3760 Etym.
1119 3665 1242 3762 Su[id].

251 3785 346 3850 Eust.
400 3787 495 3852 Certe
514 3785 643 3874 Su[id].
662 3781 870 3881 Ἀγνρτῶθη,
888 3781 1092 3880 συρφετῶθη.

199 3893 412 3992 Ἀγχιρῆνην.
439 3897 606 3994 Ἀγχῆρις
622 3905 733 3991 Etym.
765 3905 855 3991 Lego
878 3897 1063 3994 Ἀγχῆρης,
1080 3912 1119 3968 ut
1142 3897 1292 3985 soih-30

249 4040 315 4107 ρην,
331 4018 452 4084 additio
467 4041 623 4105 perquam
639 4020 811 4089 familiaris

202 4125 401 4222 Ἀγχίαλος,
419 4127 706 4227 παραθαλάσσιον.

202 4241 224 4285 *
236 4241 451 4338 Ἀγχιβπθῆι
467 4252 601 4318 Aristot.
622 4251 729 4315 Probi
750 4273 801 4339 23,
815 4273 868 4338 31.

200 4353 416 4455 Ἀγχίβοιον.
443 4367 552 4454 Etym.
571 4361 769 4456 Ἀγχίβιον,
786 4377 824 4432 ut
840 4367 966 4454 opinor,
983 4367 1092 4436 minus
1109 4373 1204 4434 recte.

684 4503 707 4546 D
726 4504 745 4552 2
