3188 5052
541 378 941 441 HESYCHIANA.
1226 379 1268 444 95

221 539 385 636 Ἀπεῖρων
404 540 505 612 11.ω’.
523 561 599 632 545.

222 653 417 748 Ἀπεκείξαν
434 661 599 747 Aristoph.
619 663 682 746 296
695 661 726 724 d.
745 682 880 725 comma.
900 660 975 725 Sch.
999 655 1175 742 ἀπέβαλον
1193 660 1268 723 sim·

275 776 409 862 pliciter.
436 775 604 866 φυσῶνπες
621 776 707 840 enim
726 799 765 840 ex
782 775 887 840 verbis
904 775 1070 860 Aristoph.

223 880 463 964 Ἀπεκομίσθη,
481 881 605 953 ἄποθεν
621 891 692 956 τοῦ.

223 995 459 1093 Ἀπεκορύφου
477 1005 598 1070 Herod.
620 1008 691 1090 198,
711 1007 742 1071 8.
1278 1022 1294 1086 5

224 1109 493 1208 Ἀπεκυπάρωσε.
519 1141 550 1184 v.
565 1112 849 1211 Ἀποκυπαρῶσαι
875 1130 908 1185 et
934 1115 1102 1212 Κῦπαρος.
1136 1122 1217 1185 forte
1242 1147 1268 1184 π

277 1232 396 1316 ubique
413 1242 562 1319 corrupte.
578 1257 637 1320 pro
654 1261 712 1301 ππ.

225 1343 461 1439 Ἀπεκορύφου
478 1351 524 1414 Su
531 1350 607 1435 [id].
626 1353 748 1418 Herod.

224 1459 454 1541 Ἀπεκόσμεον
472 1467 536 1531 O'd.
555 1460 592 1542 η’.
612 1488 685 1553 232.

224 1574 436 1672 Ἀπέλεθρον
453 1574 502 1646 1νο
521 1583 560 1646 Il.
578 1575 611 1646 ε’.
631 1598 703 1668 245.
732 1578 963 1672 ...πέλεθρον
981 1576 1049 1674 γὰρ
1072 1578 1091 1648 ὃ
1113 1579 1165 1648 καὶ
1190 1579 1270 1648 πλέ-
1285 1614 1318 1652 ιο

279 1694 358 1786 θρον
376 1696 484 1760 801101.

229 1802 440 1902 Ἀπελᾶζειν.
466 1835 496 1876 v.
516 1811 602 1876 Plut.
620 1812 770 1898 Lycurgo
787 1835 821 1897 p.
836 1815 887 1896 78·

227 1917 455 2001 Ἀπελῆκησεν
477 1924 536 2014 [sic
553 1927 645 2003 forte,
663 1937 712 1992 est
729 1927 814 1991 enim
831 1927 866 1991 in
883 1923 992 2012 litura]
1014 1951 1046 1991 v.
1057 1921 1270 2004 Ἐπελήκεον.

227 2033 409 2106 Ἀπέλλειν
426 2051 574 2127 corrupte
595 2065 655 2127 pro
677 2034 841 2108 ἀπίλλειν.
869 2045 972 2128 Harp.
990 2065 1029 2107 ex
1047 2043 1155 2128 Lysia.
1207 2042 1271 2106 Sed

272 2157 383 2241 Etym.
397 2158 467 2220 vult
482 2158 626 2242 primum
641 2181 710 2223 esre
727 2154 905 2234 ἆπεῖλλειν,
915 2167 950 2222 et
961 2159 1086 2222 AEolice
1103 2153 1269 2222 ἀπελλειν.
1283 2166 1317 2230 15

272 2271 490 2335 diciturenim
507 2268 662 2338 εῐὲλλειν
688 2283 721 2339 et
743 2269 865 2338 εἵλλειν
890 2283 923 2338 et
945 2268 1061 2339 ἰ’λλειν.
1086 2297 1117 2338 v.
1134 2264 1269 2338 ἐλλάσει

272 2394 304 2449 et
319 2380 428 2460 ἔλλειν
445 2395 477 2451 et
493 2381 598 2464 εἴλλη.
616 2411 647 2473 q.

228 2494 453 2572 Ἀπέλλακας.
475 2524 506 2566 v.
521 2494 745 2573 Ἀπᾶλλακες.

229 2610 463 2694 Ἀπελῦκησεν.
490 2628 638 2704 corrupte
660 2642 719 2705 pro
745 2615 941 2697 Πελέκησεν.
967 2646 989 2685 α
1011 2639 1050 2685 ex
1075 2619 1172 2705 priori
1195 2639 1270 2683 voce

273 2733 440 2817 posteriori
457 2734 601 2798 adhaesit.
628 2734 692 2799 od.
710 2729 743 2799 ε’.
763 2756 836 2818 244.
862 2759 892 2800 v.
906 2729 1127 2801 Ἀπελύωσεν.
1283 2754 1319 2793 20

230 2838 483 2922 Ἀπεμᾶσσετο.
513 2871 542 2912 v.
572 2843 815 2917 Ἀπενάσσετο.
841 2875 871 2917 ν.
897 2844 1157 2929 Ἐπεμάσσαπο.
1185 2851 1272 2938 prior

275 2982 348 3045 exp.
366 2962 407 3024 ad
423 2987 458 3038 μ,
475 2964 632 3047 posterior
648 2966 689 3029 ad
706 2993 732 3030 ν.

233 3069 451 3152 Ἀπὲμεσσεν,
477 3070 558 3153 arpa
585 3074 700 3157 ἇπὲμει
726 3074 919 3170 11.ξ’.437.
953 3077 1001 3147 ἵσ.
1030 3083 1086 3147 sed
1111 3105 1142 3166 q.
1167 3075 1273 3145 Ἀπε-

274 3216 373 3267 μεσω,
391 3217 435 3256 αι.

231 3305 471 3404 Ἀπεμόρξαπο
490 3315 528 3380 Il.
547 3308 594 3395 β’.
614 3317 676 3397 269
695 3312 801 3376 Schol.
1284 3311 1319 3374 25

232 3421 457 3518 Ἀπεμόργνυ,
475 3425 667 3504 ἁπέμασσεν
686 3428 724 3491 Il.
742 3419 777 3491 ε’.
797 3428 859 3512 798
879 3425 985 3490 Schol.

236 3540 255 3578 *
266 3536 480 3620 Ἀπεμπολεῐ
496 3544 575 3607 Eur.
596 3544 832 3627 Ionev.1371.

242 3652 479 3735 Απεμυθεόμην
492 3709 499 3724 .
513 3709 520 3723 .
536 3706 544 3722 .
558 3654 658 3723 πόλλ’
677 3652 911 3735 ἀπεμυθεόμην.
938 3647 1108 3748 γράφεται
1126 3651 1178 3720 καὶ
1195 3650 1274 3720 ἆπε-

273 3771 451 3853 μυθευόμην
479 3775 586 3839 801101.
619 3775 657 3838 Il.
676 3767 707 3839 ι’.
725 3794 796 3858 109.
850 3773 914 3838 Sed
933 3773 1060 3837 videtur
1087 3774 1206 3838 Noster
1230 3773 1273 3837 le-

275 3891 358 3976 gisse
376 3888 442 3955 ε’πε.
1285 3908 1324 3964 30

232 3997 424 4082 Ἀπενᾶσθη
443 4007 521 4069 Eur.
544 4022 614 4092 153.

232 4113 474 4186 Ἀπενάσσατο
493 4123 531 4186 ll.
549 4116 597 4203 β’.
614 4125 688 4207 629.

235 4234 255 4274 *1
267 4229 496 4300 Ἀπενώτισαν
514 4238 593 4302 Eur.
611 4238 719 4301 Bacch
732 4237 819 4321 .762.

231 4342 512 4438 Ἀπενεγκᾶμενος
530 4352 576 4415 Su
583 4349 659 4438 [id].
678 4351 784 4416 serios.
812 4373 842 4415 v.
858 4343 1137 4438 Ἀπενέεγκασθαν.
1260 4336 1263 4343 ’

232 4458 538 4544 ‘Artemam-moron
557 4463 687 4554 Sapo}
705 4475 739 4532 et
750 4459 1039 4543 Ἀπενιαντισμόε.
1287 4468 1322 4526 35
