3200 5058
583 402 948 468 HESYCHIANA.
1227 403 1291 472 139

291 563 410 658 ταγὸς,
428 579 461 635 et
476 571 518 634 ab
535 562 629 660 ἄρχω
646 565 760 661 ἀρχάς.
804 571 907 655 Hesy.
927 562 1047 658 Ἀγόι,
1066 551 1210 658 ἧγεμάν,
1221 562 1289 634 ἀπὸ

292 679 354 750 τοῦ
370 678 463 772 άγειν
475 678 520 750 τά
534 684 656 763 τλῆθη,
669 679 720 749 καὶ
735 683 887 771 η’γεΐσθαι
905 681 1019 762 αὐτῶν,
1034 680 1129 751 οἱονεὶ
1143 679 1287 773 ἀγωγάς.

293 801 451 866 Laconice
470 795 595 887 Βαγόε.
647 802 724 865 Non
741 800 840 886 igitur
857 801 948 865 miles
970 809 1028 877 est,
1047 802 1104 866 sed
1121 802 1188 866 dux
1204 801 1288 866 mili·

291 926 373 994 tum,
401 909 493 1008 παρὰ
520 910 564 982 τὸ
592 909 684 1004 άγειν
710 911 786 988 τοὺς
811 913 1107 1004 ὑποτεταγμένους,
1129 925 1168 982 ut
1194 925 1288 982 vetus

294 1034 429 1098 Homeri
444 1034 647 1098 Scholiastes.
674 1033 877 1098 Describitur
893 1035 980 1098 enim
998 1034 1190 1098 Idomeneus
1209 1033 1314 1105 Cre-5

293 1150 434 1214 tensium
456 1173 512 1214 rex
532 1150 570 1214 ΙΙ.
589 1143 633 1236 γ’.
649 1143 763 1239 Ἀμφὶ
788 1143 823 1214 δέ
843 1175 897 1227 μιν
916 1144 1057 1241 Κρητῶν
1073 1145 1152 1237 ἆγοὶ
1175 1144 1287 1240 ἠγερέ-

290 1262 417 1341 θονται,
436 1264 491 1328 ubi
511 1273 643 1329 notante
661 1265 833 1329 Eustathio
856 1259 955 1352 ἆγοάς
971 1259 1047 1336 τοὺς
1068 1258 1132 1329 ὑπὸ
1149 1261 1289 1347 βασιλεῖ

290 1375 502 1471 στρατηγοὺς
519 1376 621 1468 λέγει.
649 1381 737 1445 Male
758 1381 856 1467 igitur
873 1383 1072 1447 scribebatur
1088 1390 1163 1446 ante
1180 1405 1285 1472 στρα-

290 1493 419 1574 τιώτης,
440 1506 472 1561 et
496 1506 581 1562 recte
604 1520 623 1561 a
644 1497 737 1561 nobis
763 1499 929 1583 reponitur
953 1493 1167 1589 στροτηγόκε
1190 1485 1227 1562 ἐι
1249 1505 1286 1561 ut

292 1613 393 1699 Hesy.
411 1622 497 1690 ante,
506 1607 631 1701 Ἀγος,
650 1609 796 1692 κλάσμα,
820 1606 978 1706 ἀρχηγὸς,
1001 1614 1046 1682 ita
1070 1613 1133 1693 hic,
1156 1606 1284 1701 Βάγος,
1299 1641 1334 1681 ιο

289 1720 433 1806 κλάσμα,
452 1725 656 1821 στρατηγός.

242 1837 362 1926 Βάδοι,
387 1842 405 1910 ὁ
431 1841 484 1910 καὶ
509 1838 626 1928 βάτοι.
679 1846 778 1910 Paulo
806 1855 890 1932 post,
919 1841 937 1912 b
964 1843 1017 1912 rai
1043 1839 1162 1930 βάτοι,
1187 1856 1283 1913 recte.

291 1961 325 2026 S.
340 1963 474 2028 Hieron.
492 1963 526 2026 in
544 1963 662 2027 Erech.
680 1962 743 2028 xlv.
762 1984 789 2028 1.
816 1966 948 2028 Decima
963 1987 1045 2046 pare
1065 1967 1139 2028 Cori
1160 1967 1195 2028 in
1215 1985 1285 2045 spe-
1344 1995 1345 2000 ¹

287 2081 392 2144 ciebas
413 2082 541 2163 liquidis
562 2086 692 2143 vocatur
708 2079 812 2144 Batus
835 2085 900 2145 sive
923 2083 1038 2145 Vadas.
1089 2081 1151 2144 Est
1176 2089 1284 2144 autem

289 2195 501 2259 Hebraeorum
519 2217 670 2259 mensura
694 2205 755 2287 ng
777 2219 875 2280 quam
892 2197 990 2262 LXX
1009 2196 1085 2260 satis
1101 2196 1284 2260 inconstan-
1299 2221 1308 2259 ι
1313 2221 1330 2279 5

287 2319 337 2374 ter
354 2333 441 2375 nunc
457 2307 581 2408 μέτρον
598 2321 654 2376 aut
669 2309 847 2405 μετρητῆν,
865 2335 953 2376 nunc
972 2307 1053 2402 χοὲα
1071 2320 1127 2375 aut
1144 2307 1284 2401 χοίνικα,

287 2450 375 2494 nunc
391 2423 530 2505 κοτύλην
547 2437 604 2492 aut
620 2421 771 2520 κεράμιον
784 2430 1030 2505 transtulerunt,
1045 2428 1158 2512 reliqui
1175 2435 1283 2491 autem

288 2544 482 2630 interpretes
503 2567 580 2608 voce
604 2544 745 2608 Hebraea
766 2544 989 2610 terminatione
1014 2543 1137 2619 Graeca,
1160 2533 1281 2624 βάτον.

293 2658 327 2722 S.
346 2659 503 2744 Hierony.
520 2657 554 2721 in
568 2659 612 2723 Ie.
630 2659 671 2724 V.
692 2680 742 2724 10.
800 2663 867 2725 Pro
892 2654 1031 2751 κεραμίῳ
1058 2659 1079 2722 i.
1106 2661 1283 2742 ἶαμιιαααία,

286 2798 379 2858 quom
400 2777 459 2839 soli
474 2775 573 2839 LXX
587 2781 826 2856 transtulerant,
844 2798 947 2841 omnes
967 2777 1024 2840 olii
1045 2778 1164 2839 Boium
1184 2777 1283 2838 inter-
1293 2801 1332 2839 20

280 2898 406 2976 pretuli
421 2902 504 2973 eunt,
522 2897 606 2976 quod
623 2895 777 2959 Hebraico
798 2897 917 2958 dicitur
938 2901 1009 2981 ni}-
1039 2894 1152 2958 Graece
1174 2898 1282 2955 autem

287 3017 319 3073 et
336 3000 439 3090 βάάος
455 3017 489 3072 et
504 3000 611 3089 βάτος
628 3018 661 3073 et
677 3001 783 3091 βάθος
801 3009 976 3074 dicebatur.
999 3009 1084 3075 Quae
1101 3014 1283 3092 sequuntur

285 3125 326 3189 de
348 3147 483 3189 numero
510 3125 719 3190 sextariorum
747 3148 814 3190 non
838 3134 941 3190 muto.
994 3125 1086 3190 Licet
1111 3125 1196 3188 enim
1222 3124 1281 3188 Jo-

212 3221 214 3226 ¹
285 3242 407 3326 sephus
435 3240 551 3304 dixerit
581 3241 724 3305 Batbum
753 3242 889 3304 LXXII
920 3240 1072 3305 sextario·
1105 3241 1279 3316 continere,

285 3357 399 3421 habuit
415 3365 523 3421 tamen
541 3357 644 3443 Hesy.
662 3379 759 3442 quem
785 3365 981 3441 sequeretur,
998 3356 1118 3420 sedicet
1134 3356 1279 3440 Epipha-
1290 3378 1326 3437 25

285 3475 386 3549 nium,
404 3473 460 3557 qui
477 3473 593 3536 diserte
611 3473 641 3536 L
658 3472 812 3538 sextarios
834 3472 1030 3537 continuisse
1047 3471 1144 3534 tradit
1164 3471 1221 3534 lib.
1239 3472 1279 3534 de

286 3588 394 3652 Mens.
423 3596 455 3651 et
484 3589 586 3652 Pond.
616 3596 655 3651 ut
683 3595 716 3651 et
745 3610 821 3651 eum
851 3596 981 3652 secutus
1012 3586 1155 3650 Isidorus
1186 3585 1278 3669 Orig.
1340 3623 1343 3629 ι

284 3703 306 3768 l.
324 3703 418 3766 XVI.
444 3726 472 3767 ο.
493 3719 544 3788 25.
595 3705 760 3768 Postrema
784 3711 892 3767 autem
908 3703 1005 3767 verba
1022 3701 1121 3789 ἤγουν
1138 3691 1210 3778 διάη,
1228 3701 1279 3766 vel

283 3827 321 3884 ut
337 3819 434 3904 paulo
459 3827 543 3902 post,
557 3817 655 3905 ἤγουν
672 3813 771 3894 ὁλκὴν
788 3796 862 3897 dria,
877 3840 949 3902 quae
973 3816 1151 3902 significare
1167 3814 1280 3880 viden-

283 3944 338 3999 tur
355 3935 498 3998 Bathum
515 3934 613 3998 fuisse
630 3933 795 3999 boicarum
810 3931 1135 4008 MMMMXLVIH,
1146 3928 1277 3993 omnino
1288 3959 1328 4016 30

282 4051 396 4115 vitiosa
413 4058 501 4114 sunt.
555 4049 689 4113 Certum
707 4049 792 4113 enim
810 4057 917 4112 estne
935 4046 1037 4111 XXX
1054 4046 1184 4130 quidem
1207 4067 1279 4110 sex-

281 4166 379 4231 tarios
400 4141 450 4230 tot
470 4166 579 4230 holcus
601 4187 739 4250 aequare,
757 4165 877 4229 nedum
896 4164 934 4238 L,
953 4170 1032 4247 quot
1050 4162 1176 4224 Bathus
1201 4183 1278 4224 con-

282 4282 383 4346 tinere
406 4281 532 4346 dicitur.
585 4281 671 4344 Nam
696 4279 801 4365 primo
823 4277 1041 4364 receptissima
1063 4284 1112 4340 est
1133 4283 1278 4340 veterum

282 4397 442 4468 sententia
454 4419 558 4461 unum
576 4396 749 4460 sextarium
764 4395 831 4458 XX
845 4394 957 4458 uncias
975 4391 1147 4483 continere.
1166 4390 1275 4455 Diosc.

773 4533 794 4574 '1¹
813 4531 832 4578 2
