3154 5060
311 331 376 397 272
667 329 1015 392 ADVERSARIA

310 487 522 562 Ἐλαιᾶεσσα
549 488 636 573 νηδὺς
649 544 680 562 ..
695 541 703 560 .
717 494 790 570 ἦτοι
807 484 983 571 λαιᾶεσσα,
1011 491 1092 577 (non
1118 484 1298 558 ἕλαιᾶεσσα
1325 503 1364 557 ut

364 610 478 701 Salm.)
503 605 577 679 ἀντὶ
606 612 669 678 τοῦ
697 602 807 690 σκαιὰ,
827 603 934 695 (λαιός
959 610 1045 675 enim
1072 602 1153 674 λαιὰ
1170 608 1362 692 Raeticum)

363 721 468 805 ἢᾶπὸ
492 729 554 794 τοῦ
577 717 752 820 ληΐζεσθαι
765 721 904 811 (Dorice
930 727 1017 792 enim
1042 722 1122 792 λαία
1147 749 1207 813 pro
1231 722 1318 815 λεία)
1343 721 1362 803 ’ἦ

363 835 556 922 ἕλαιᾶεσσα,
581 835 649 908 ἀπὸ
675 844 737 908 τοῦ
761 839 811 907 ἔλ.
835 833 975 934 λιπαρά.
1026 837 1193 918 'manicas
1210 845 1362 920 oleacetoe,

363 968 402 1024 ut
418 959 581 1024 Nicander
603 957 713 1046 [Ther.
732 953 824 1043 676.]
846 967 879 1024 et
896 957 1079 1044 Inscriptio.

311 1071 513 1140 Ἐλαιοῦται
531 1066 616 1165 θρίξ.

311 1184 498 1274 Ἐλαιωτῷ,
516 1185 721 1280 ἔλαιοβαφεῖ
737 1191 782 1254 Η.
800 1189 851 1254 St.

313 1299 562 1394 Ἐλανότρυγον
581 1305 627 1370 Η.
646 1304 696 1369 St.

295 1415 550 1511 Ἔλαωχύτας,
568 1415 665 1505 ἐλαίῳ
681 1413 877 1510 ῥαινόμενος.

315 1530 491 1602 *mam
507 1536 674 1622 Aristoph.
691 1557 725 1618 4.
742 1537 856 1602 AEsch.
873 1553 925 1621 71.

311 1644 430 1730 Ἐλᾶμ
448 1673 468 1738 3
487 1653 567 1736 Reg.
586 1653 616 1728 6,
634 1672 665 1737 3.
683 1673 742 1736 pro
759 1646 878 1728 αἵλαμ.
897 1651 981 1716 Heb.
999 1638 1107 1724 0528
1126 1642 1272 1735 porticus
1295 1674 1364 1717 νεν-

366 1769 505 1841 tibulum,
525 1765 637 1851 steph.
657 1765 737 1832 Lex.
752 1759 879 1844 Ἐλᾶμ,
897 1761 1079 1859 προπόλην,
1097 1759 1289 1858 προδόμιον.

313 1877 499 1958 Ἐλαμῐται
517 1881 591 1944 Act.
608 1903 640 1946 v.
658 1876 855 1959 Ἐλαμῐται.

316 1990 548 2084 Ἐιλαπίνῃσιν
566 1996 605 2060 ll.
622 1989 661 2060 κ’.
677 2012 750 2081 217.

309 2108 427 2203 Ἔλαρ
445 2120 483 2176 ut
500 2103 627 2202 Εῗλαρ.

314 2221 465 2294 Ἐλᾶσαι
484 2229 523 2293 ll.
540 2223 586 2294 τ’.
602 2250 678 2316 423.

195 2363 202 2376 '
315 2336 530 2410 Ἐλᾶσασκεν
547 2345 588 2410 ΙΙ.
606 2339 655 2426 β’.
675 2367 746 2432 199.

310 2457 466 2530 Ἐλασεν
483 2464 522 2528 ΙΙ.
545 2457 588 2528 λ’.
606 2484 677 2550 109.

315 2575 572 2671 Έλασῖβροντα
589 2580 756 2666 Aristoph.

309 2688 492 2776 Ἔλασμα,
509 2690 698 2788 ὑπέρθυρον·
720 2720 752 2762 v.
761 2686 933 2773 Ἔλαμαν.

309 2805 475 2875 Ἔλασκε.
493 2812 564 2874 haec
581 2819 659 2875 sunt
675 2811 807 2875 confuse
825 2813 969 2900 repetita.
989 2813 1060 2876 Imo
1076 2811 1139 2897 leg.

309 2917 473 2990 Ἐλασσε
491 2925 531 2989 Il.
549 2918 588 2991 δ’.
608 2946 681 3012 299.

309 3032 496 3106 Ἔλασσαν
514 3041 553 3104 Il.
571 3034 615 3105 ω’.
632 3062 706 3128 349.

319 3147 494 3222 Ἐλᾶσωσι
513 3157 552 3221 Il.
570 3151 616 3221 π’.
631 3159 706 3244 388.

316 3268 530 3365 Ἐλάστρεον
547 3274 586 3338 ΙΙ.
604 3266 648 3338 α’.
666 3291 741 3360 543.
1375 3293 1409 3352 25

315 3380 449 3466 Ἐλάτη
462 3438 470 3454 .
485 3438 493 3453 .
506 3437 514 3453 .
527 3383 574 3455 ἰ’σ.
588 3381 701 3476 ξεστῆ.
728 3387 853 3452 Alludit
866 3388 907 3452 ad
919 3388 1052 3452 Homer.
1070 3378 1270 3474 Ἐϋξέστησ’
1287 3377 1363 3451 ἐλά-

368 3529 458 3580 τησι.
484 3499 582 3575 πόλις
599 3526 665 3569 non
683 3511 733 3568 est
750 3495 880 3580 Ἐλᾶτη
898 3503 956 3567 sed
972 3494 1146 3570 Ἐλάτεια.

315 3611 471 3711 Ἐλατῆρ
487 3619 654 3706 An'stoph.
673 3635 747 3704 251,
765 3637 839 3702 272.

316 3725 503 3820 Ἐλᾶτῃσιν
521 3734 559 3796 ΙΙ.
577 3727 612 3798 ε’.
629 3736 705 3819 560.

309 3839 492 3936 Ἔλατρον
509 3869 618 3911 annon
635 3856 785 3933 corrupte
801 3839 1056 3938 ρνοἜλντρον.
1376 3857 1414 3913 30

319 3953 469 4025 Έλαύνει
494 3961 532 4026 Il.
553 3953 608 4047 ψ’.
625 3953 701 4048 536.
730 3962 819 4028 Quid
835 3971 885 4028 est
901 3969 998 4030 ποιεῖ.
1022 3987 1053 4029 ν.
1069 3955 1229 4030 Ἐλάσαι.

316 4069 518 4140 Ἐλαύνετον
536 4076 575 4140 ΙΙ.
593 4069 633 4140 α’.
650 4094 725 4163 575.

319 4180 535 4261 Ἐλαῦνοντες
552 4191 591 4256 ll.
609 4184 648 4267 η’.
667 4195 697 4256 6.

319 4294 488 4392 Εἰρεσῖαν,
504 4303 715 4383 κωπηλασίαν
731 4330 763 4372 v.
781 4329 840 4372 suo
858 4309 937 4374 loco.
