3148 5064
301 345 367 410 388
635 341 1017 409 ADVERSARIA

303 501 442 589 Ἱμονιᾶ,
459 505 490 600 ᾖ.
517 504 585 599 [Al.
592 532 641 575 ex.
658 511 850 578 Theodoret.
869 510 972 576 Serm.
990 533 1022 595 4.
1033 528 1108 600 531.
1135 515 1194 590 τῆς
1217 505 1275 590 μὲν
1292 511 1352 578 θα-

355 617 482 702 λάττης
500 619 693 712 ἀγνοοῦντες
708 617 752 691 τὸ
769 617 886 708 βάθος,
904 623 980 694 ἔνθα
997 623 1049 693 καὶ
1066 620 1185 720 ὁρμιὰν
1209 627 1350 695 καθεῖναι

359 735 509 807 δύνανται
527 735 579 806 καὶ
596 731 752 828 ἱμονιάν]

305 851 365 938 Ἰν,
376 850 487 938 αὑτὸν,
501 851 608 934 αὐτὴν,
623 848 714 924 αὐτὸ.
732 858 818 924 idem
837 866 887 924 est
903 859 990 924 enim
1006 881 1082 925 oum
1096 853 1178 926 Μίν.
1195 881 1226 926 v.
1240 861 1351 947 Etym.

300 969 375 1041 Ἵνα
391 1023 399 1039 .
414 1024 422 1040 .
437 977 555 1067 νεῦρον,
574 1001 595 1039 ι.
612 965 663 1040 ἵνα
682 975 723 1040 ΙΙ.
739 968 781 1066 ρ’.
798 992 874 1063 522.
889 977 1000 1064 Etym.
1362 996 1379 1054 5

301 1085 375 1156 ’Ίνο
393 1088 519 1179 γνώωσι
543 1092 582 1157 ΙΙ.
601 1085 642 1156 α’.
660 1112 735 1178 302.

299 1201 385 1287 Ἵνα,
403 1201 541 1286 δύναμιν.
567 1208 678 1295 Etym.
696 1216 729 1274 et
746 1206 876 1296 Su[id].

305 1317 476 1416 Ἰνακρῖαν.
503 1321 531 1388 ἵν
547 1346 607 1411 pro
624 1319 667 1403 ε’ν,
684 1321 716 1390 ἐν
732 1347 792 1411 pro
809 1321 850 1397 ε’ς.
876 1349 907 1393 v.
926 1325 1043 1392 Canin.
1060 1349 1090 1393 v.
1110 1325 1138 1393 ι’ν
1155 1320 1252 1420 φάος.

308 1432 488 1512 Ἰνανάτοις
505 1463 564 1528 pro
581 1433 646 1506 Εἰν
663 1433 806 1512 ἆνάτοις.

302 1548 472 1649 Ἰνάριτος
489 1579 548 1644 pro
566 1549 758 1648 Εἰνάριτος.
1367 1585 1404 1624 10

304 1666 413 1738 Ἰνοτί
428 1666 457 1739 δ.
475 1670 518 1744 εἰς
534 1669 591 1751 τί;
616 1696 647 1738 υ.
665 1674 776 1760 Etym.

307 1783 488 1880 Ἰνιιτὲρωυ
506 1784 727 1881 σνννάμφων..
739 1785 890 1880 ι’νατέρες.
904 1812 963 1876 pro
976 1783 1164 1884 Εἰνοτέριον
1178 1783 1264 1886 ΙΙ.ζ’.
1276 1795 1352 1880 378.

357 1929 388 1970 v.
406 1897 593 1997 Εἰνάτερες.

304 2016 440 2088 Ἰνυυτῶ
460 2023 482 2086 f.
500 2015 565 2086 Εἶν
583 2019 631 2088 αὖ.

307 2129 436 2228 Ἰνάχια
1367 2167 1403 2228 15

290 2247 514 2322 ,Ἰνδάλλεται
534 2255 573 2321 ΙΙ.
590 2246 646 2343 ψ’.
661 2258 737 2338 460.
765 2251 837 2347 [Al.
850 2277 905 2323 ex.
923 2257 1090 2344 Aristoph.
1101 2258 1200 2346 Vesp.
1218 2263 1285 2347 316
1298 2254 1351 2348 b.]

304 2363 500 2438 Ἰιιάιιιτο
518 2372 558 2438 11.
574 2365 616 2462 ρ’.
634 2393 708 2458 213.

304 2481 365 2552 ‘'Iv'
382 2481 514 2566 ἔκδηλος
531 2490 570 2554 Il.
589 2483 624 2555 ε’.
644 2510 673 2557 2.

298 2597 361 2668 ‘'Iv’
378 2597 488 2684 εἵάηθ,
502 2599 555 2669 ἵνα
571 2596 709 2682 μάθητε.
734 2628 765 2672 ν.
784 2602 913 2694 Su[id].

308 2714 387 2786 Ἰνία
405 2729 554 2808 compte
571 2743 631 2808 pro
645 2715 758 2787 Ἠνία.

307 2827 403 2898 ’Ῑνῖον
421 2835 460 2899 Il.
478 2827 513 2900 ε’.
533 2852 585 2922 73.

307 2942 415 3018 *Ἷνις
431 2949 545 3013 AEseh.
564 2970 639 3037 301.

307 3058 533 3156 Ἰνκονιφύτιυε

306 3171 404 3249 Ἰννός
418 3228 426 3244 .
442 3227 450 3244 .
467 3173 593 3244 .ἰ’πτου
608 3229 616 3245 .
633 3175 786 3258 ,ἡμιόνου
802 3175 848 3249 δὲ.
874 3207 905 3250 ν.
925 3187 1025 3252 Boch.

303 3290 494 3371 Ἰνουλκοῦς,
512 3295 755 3380 νευροστῶντος

301 3405 472 3477 Ἰνοῦνται.
498 3433 529 3475 v.
544 3404 702 3476 Ἰνῶνται.

303 3517 351 3587 Ἰν
367 3530 447 3588 τυΐν.
474 3545 505 3588 v.
524 3516 597 3588 Τυΐ.

300 3633 449 3710 Ἰνύκινος
466 3631 551 3710 οἶνος
567 3640 618 3705 vel
635 3633 805 3714 Ἰιονκτΐνος
821 3645 862 3711 ab
880 3642 948 3715 ἀπὸ
965 3643 1110 3718 Ἰνάιςτου
1130 3644 1195 3738 (vel
1212 3643 1353 3748 Ἴνυκος)

353 3750 527 3845 πολίχνιον
545 3750 673 3822 εὔοινον.
700 3781 730 3824 ν.
750 3759 862 3847 Steph.

303 3865 382 3934 *Ἰν
399 3860 497 3960 φάος,
517 3867 545 3935 ι’ν
561 3894 621 3957 pro
639 3869 680 3950 ε’ν,
698 3869 731 3940 ἐν
747 3899 807 3962 pro
824 3874 863 3951 ε’ς.
890 3904 921 3946 v.
940 3882 1056 3950 Canin.
1364 3909 1406 3966 3⁰

294 3976 389 4073 Ἰνυξ
403 4006 445 4048 an
462 3993 611 4070 corrupte
628 4008 688 4071 pro
696 3981 807 4079 Ἴνγξ.

299 4096 456 4193 Ἰνάρετο.
481 4123 512 4166 v.
531 4093 694 4170 Ἰννθεται.

298 4210 423 4288 Ἰνῶθες
434 4263 442 4281 .
453 4251 461 4280 ι
474 4209 628 4308 νευρῶδες.

302 4325 372 4397 Ἰνῶ
390 4332 454 4396 Od.
472 4325 507 4396 ε’.
525 4336 600 4412 461.

300 4443 473 4526 Ἰνῶμενος.
499 4470 529 4512 v.
548 4442 707 4517 Ἰνοῖσθαι.
