3154 5060
556 359 921 426 HESYCHIANA.
1198 361 1264 430 247
1308 355 1310 360 ¹

210 515 351 619 ’Έγχος
366 521 415 618 ἔχ’
434 517 630 618 ἑνδεκάπηχυ
648 527 687 592 ΙΙ.
705 520 748 593 θ’.
764 548 840 614 494.
857 527 909 594 vel
923 522 997 620 ἔχεν
1014 520 1058 596 δε.
1077 527 1116 594 ΙΙ.
1134 517 1176 622 ζ’.
1189 549 1264 616 319.
1326 489 1334 508 ι

268 643 310 708 ad
339 643 470 708 dubiam
496 643 667 710 lectionem
696 643 772 710 facit
799 635 843 710 τὸ
870 646 1002 737 πλῆρες.
1055 645 1144 710 Ηὶιιο
1168 644 1265 709 coni·

235 798 239 807 ·
268 761 394 846 gendus
412 755 543 848 Su[id].

210 869 408 968 Ἕγχουσα.
420 876 521 942 videri
537 884 648 962 posset
663 884 812 963 cormpte
829 875 986 963 scriptum
998 869 1264 968 ρεοἈγχονσα.

271 992 336 1057 Sed
351 992 397 1058 ita
413 993 597 1058 scribebant
613 992 723 1058 Attici.
750 993 861 1080 Etym.
880 992 968 1058 Xen.
987 993 1048 1077 847
1067 993 1108 1058 Α.
1276 1011 1292 1070 5

219 1107 240 1148 *⁸
251 1101 531 1200 Ἐγχρῖπτεσθαι
548 1109 669 1174 AElian.
686 1108 797 1175 Anim.
814 1129 848 1193 4,
867 1125 897 1194 7.

220 1223 241 1264 ¹*
254 1218 518 1316 Ἐγχρῖπτει-αι.
535 1219 853 1318 1.Ἐηχρίμπτεται
870 1226 985 1292 AEnch.
1003 1225 1057 1292 68.
1104 1224 1168 1290 Sed
1185 1225 1265 1290 Eur.

269 1341 338 1406 sine
354 1365 378 1419 μ
393 1362 465 1428 199.
483 1349 516 1407 et
534 1341 635 1428 Soph.
654 1341 782 1406 CXXI.

217 1451 477 1549 Ἐγχρῖμπτων.
507 1458 642 1544 Legitur
658 1467 767 1524 autem
784 1458 854 1524 sine
871 1483 895 1536 μ
913 1457 1010 1524 etiam
1026 1458 1059 1524 in
1079 1457 1125 1522 Su
1132 1454 1208 1545 [id].
1234 1467 1267 1524 et

272 1575 380 1662 Etym.
408 1575 473 1643 Sed
490 1574 621 1660 ubique,
639 1575 764 1662 opinor,
782 1575 906 1642 vitiose.
927 1598 958 1640 v.
975 1575 1177 1645 Emtianum.
1281 1604 1315 1644 ιο

220 1684 474 1783 Ἐγχρῖμτει-αι
491 1692 605 1756 AEsch.
622 1714 656 1778 p.
675 1706 727 1780 73.
756 1729 760 1748 ι

221 1801 473 1900 Ἐγχριμφθεὶς
491 1808 530 1874 ll.
550 1800 585 1874 ν’.
600 1811 672 1892 146.

216 1917 500 2015 Ἐγχριμφθῆναι
517 1924 630 1990 AEsch.
649 1925 765 2011 Suppl.
784 1941 858 2012 797.
877 1947 1071 2014 ...προσπ.

220 2033 497 2131 Ἐγχριμφθῆτω
515 2041 555 2106 Il.
574 2032 630 2128 ψ’.
648 2043 722 2129 338.

217 2149 375 2247 Ἐγχρῶ,
915 2213 919 2220 .
1280 2179 1313 2240 15

221 2265 439 2364 Ἐγχυτριεῖς
455 2272 620 2359 Aristoph.
638 2293 713 2360 320.

219 2381 399 2476 Ἐγώγυον
417 2383 546 2476 su[id].
564 2389 588 2453 f.
606 2397 755 2476 corrupte
772 2412 831 2476 pro
845 2384 1018 2478 Ὠγύγιον.

219 2498 423 2597 Ἐγχιύριον,
442 2499 604 2572 ε’ντόπιον.
622 2529 653 2573 ν.
668 2500 851 2595 Ἐθαγενῆς
867 2515 901 2572 et
916 2507 969 2572 hic
986 2515 1019 2573 et
1035 2508 1122 2593 apud
1137 2505 1266 2595 Su[id].

271 2612 395 2688 δάνειον
417 2620 671 2687 additamentum
692 2624 733 2688 ab
755 2623 914 2713 imperito,
929 2633 1102 2711 postquam
1118 2619 1268 2696 ἐντόπιοι

272 2737 306 2803 in
323 2731 421 2811 τόκος
437 2760 565 2804 versum
581 2741 694 2806 fuerat.
712 2764 743 2808 v.
761 2763 820 2828 pro
838 2733 971 2807 δάνειον.
988 2743 1011 2808 L
1029 2739 1152 2814 οἰκεῖον.
1190 2741 1267 2829 Cyr.
1279 2769 1317 2809 ιο

272 2853 352 2920 Lex.
370 2846 573 2946 Ἐγχῶριον,
591 2851 716 2922 οἰκεῖον.
744 2854 822 2922 Hes.
832 2849 895 2924 Ἔ.
913 2877 989 2945 342.

222 2963 318 3058 Ἐγιδ
336 2962 372 3035 δέ
386 2994 422 3035 κε
440 2969 479 3034 Il.

220 3079 335 3173 Ἐγιδν
353 3085 393 3152 ll.
411 3079 454 3153 α’.
474 3088 526 3171 76.

219 3195 364 3290 Ἐγιύνη,
382 3197 459 3290 ἐγώ.
493 3195 625 3291 Ἐγιύνη
647 3212 685 3269 ut
709 3200 796 3282 τύνη.
821 3201 899 3294 ἐγώ,
916 3200 1011 3294 ε’γιδν,
1028 3201 1140 3295 ε’γιύνη,
1157 3213 1195 3271 ut
1218 3200 1269 3287 τύ,

272 3311 341 3398 τύν,
357 3313 445 3396 τύνη.
471 3319 583 3406 Etym.
1280 3337 1316 3394 25

221 3427 319 3525 Ἐγὼ
338 3459 400 3502 σου
417 3431 463 3501 ὄν.
489 3429 680 3502 ἀπολαύσω.
704 3437 806 3508 itaet
823 3436 955 3523 Su[id].
972 3438 1035 3524 l'eg.
1052 3445 1162 3502 tamen
1187 3432 1272 3504 διπο-

273 3546 443 3629 λαύσαιμι.
460 3574 491 3619 v.
506 3546 675 3632 Ὀναῖμην.

216 3661 350 3747 Ἔδαες,
368 3659 517 3758 ε’δῖδαξες,
535 3696 560 3735 ε.
579 3663 655 3736 δαίιο
675 3670 762 3738 enim
786 3692 854 3736 non
874 3677 1002 3736 tantum
1019 3670 1217 3736 diceresed
1239 3673 1272 3736 et

275 3788 397 3866 docere,
409 3793 448 3850 ut
466 3785 590 3852 Gallice
606 3789 794 3871 apprendre,
806 3795 840 3853 et
851 3786 986 3874 Anglice
1004 3795 1036 3852 to
1053 3789 1169 3852 learne.
1196 3786 1271 3874 Ipse

275 3902 361 3980 alibi,
382 3896 514 3981 Δέδαεν,
532 3895 667 3994 ε’δύδαξ.
719 3904 808 3970 Ferri
829 3911 938 3970 tamen
959 3910 1067 3990 potent
1087 3895 1217 3992 ἔδειξας,
1234 3905 1321 3981 uiso

275 4017 308 4082 in
326 4011 459 4100 Δὲδαεν,
477 4013 642 4112 φαίνεται,
653 4020 704 4086 vel
721 4015 840 4113 φαίνει,
858 4027 891 4086 et
908 4011 1044 4098 Δὲδαον,
1061 4009 1193 4107 ἔδειξαν,
1212 4012 1273 4086 ε’δύ-

278 4125 390 4222 δαξαν.
1003 4188 1006 4195 .

226 4241 351 4328 Ἐδάην
373 4251 414 4316 11.
438 4244 483 4338 γ’.
503 4253 576 4318 208.
616 4252 706 4339 prius
730 4253 916 4318 delendum.
967 4251 1039 4315 Imo
1067 4248 1176 4336 potius
1200 4249 1273 4336 lego

276 4366 445 4453 posteriori
478 4367 549 4432 loco
575 4363 707 4447 ἔμαθον,
737 4359 841 4446 ἐδάην,
873 4374 910 4432 ut
938 4365 1087 4453 respiciat
1113 4387 1151 4432 ea
1177 4365 1274 4431 verba

277 4483 366 4570 apud
383 4483 464 4549 Eur.
484 4482 619 4550 Hecuba
633 4508 664 4550 v.
684 4485 736 4569 78.
1284 4512 1300 4570 3
1304 4510 1320 4571 5
