3140 5054
327 359 369 422 192
656 358 1037 422 ADVERSARIA

328 518 551 616 Ἀγειρόντων
568 523 608 590 ll.
631 518 708 610 [BC]
730 527 805 612 438.

321 633 487 727 Ἄγεκτοι
505 648 654 726 corrupte
671 662 731 726 pro
741 633 943 726 Ἀτεγκτοι,
961 633 1119 732 ἄβροχοι.

325 749 485 842 Ἀγείτης
503 756 613 842 Etym.
631 778 662 820 v.
678 749 858 842 Ἀγιστής.

325 864 734 958 Ἀγελεῖης-ἧγουμὲνηῂ

324 979 551 1072 Ἀγέλασκον.
576 986 599 1049 f.
616 994 765 1072 corrupte
782 1009 842 1072 pro
858 979 1074 1078 Ἀγὲραστον
1090 1011 1120 1053 v.
1380 1022 1397 1084 5

327 1090 571 1188 Ἀγελᾶστους.
596 1092 841 1187 1.Ἀγελάτας.
873 1101 1002 1165 Heracl.
1019 1101 1052 1165 in
1073 1102 1166 1168 Polit.
1185 1102 1320 1170 Cretica.

328 1207 515 1302 Ἀγεληδόν
532 1216 572 1281 ll.
590 1207 636 1281 π’.
658 1218 730 1280 160.

327 1325 500 1422 Ἀγέληφι
519 1331 559 1395 Il.
577 1324 624 1412 β’.
642 1332 717 1413 480.

327 1439 472 1534 Ἀγέμεν
490 1447 530 1513 11.
548 1440 590 1511 a'.
609 1467 684 1534 323.

323 1555 501 1649 Ἀγέννους
516 1562 568 1626 vel
584 1554 758 1648 Ἀγεννεῖς.

327 1668 492 1768 Ἀγέραα.
517 1669 564 1740 ἰ’σ.
583 1684 731 1761 corrupte
748 1699 807 1762 pro
824 1668 965 1768 Ἀχράς.

327 1783 542 1882 Ἀγέραστος
558 1791 610 1855 vel
623 1783 815 1882 Ἀγέρατος
828 1793 908 1858 Eur.
915 1793 1033 1860 Bacch.
1043 1811 1126 1882 1374
1140 1787 1373 1887 [’A‘ye'pame

377 1907 457 1972 Eur.
475 1928 507 1989 4.
524 1906 565 1971 al.
582 1905 646 1989 ex.]

327 2015 477 2113 Ἀγέρθη
495 2023 534 2088 Il.
552 2014 592 2087 δ’.
614 2038 684 2108 152.

319 2131 490 2228 Ἀγερθεν
508 2137 548 2201 ΙΙ.
566 2128 622 2224 ψ’.
641 2139 715 2220 287.

327 2245 517 2344 Ἀγέροντο
534 2252 574 2316 Il.
591 2245 640 2333 β’.
658 2272 710 2338 94.

326 2360 495 2459 Ἀγερμὸς
512 2366 611 2432 Arist.
628 2367 719 2434 poet.
738 2387 811 2456 233,
825 2390 856 2455 3.
882 2392 913 2434 v.
932 2371 1044 2456 Etym.

326 2478 544 2577 Ἀγερόπτει.
569 2508 599 2550 v
617 2478 822 2571 ἆγόπτεται.
888 2498 891 2506 ’

326 2593 550 2693 Ἀγέροπτός.
566 2593 616 2664 fer.
632 2621 712 2664 corr.
729 2622 789 2685 pro
803 2593 1055 2692 Ἀγαῦροπτος.

305 2767 306 2770 ¹
323 2707 581 2807 Ἀγερρακᾶβος
597 2738 628 2779 ν.
645 2706 883 2806 Ἀγγοραρᾶξ.

326 2830 349 2876 ¹¹¹
361 2819 627 2920 Ἀγερρακάβος.
652 2824 699 2896 fv.
715 2822 979 2922 Ἀγερρᾶρακος.
1004 2855 1033 2896 v.
1052 2824 1289 2926 Ἀγγοραράξ.

322 2937 560 3036 Ἀγερώσατο.
585 2967 617 3009 ν.
636 2939 855 3034 Ἀγρώσατο.

323 3055 534 3150 Ἀγερώσσει
552 3082 612 3146 pro
629 3053 835 3150 Ἀγρῶσσει.

325 3169 613 3267 Ἀγερσικῦβηλις.
640 3170 687 3240 Κ.
705 3171 737 3240 ἐν
756 3170 957 3266 Δραπέταις.
975 3200 1005 3241 v.
1020 3178 1132 3264 Etym.
1150 3173 1182 3242 ἐν
1200 3173 1372 3269 Δραπέτι-

375 3317 427 3357 σιν
446 3292 491 3356 Su
498 3288 571 3380 [id.]
594 3339 603 3356 .
616 3339 644 3357 ..
657 3339 665 3356 .
679 3287 814 3373 κύβηλιν
830 3315 860 3356 v.
879 3287 1040 3374 Κύβηλις.
1383 3319 1418 3383 25

325 3399 528 3500 Ἀγέρωχοι.
542 3409 594 3476 Ex
605 3409 750 3476 Hom.Il.
755 3402 790 3490 β’
795 3411 828 3472 ,6
829 3423 882 3494 54.
893 3401 1031 3476 Ῥοδίων
1041 3404 1252 3502 ἆγερώχωνν.
1258 3412 1369 3506 Etym.
1391 3484 1394 3488 ,

325 3524 555 3624 Ἀγεσίφρων.
579 3526 626 3597 ἵσ.
645 3522 874 3624 Ἀγεσόφρνῖ.

327 3646 349 3690 ⁴*
362 3639 612 3738 Ἀγὲστρατον,
628 3643 675 3712 'lou
694 3641 921 3740 Ἀγὲσσαρον.
948 3672 978 3714 v.
998 3639 1120 3740 Σᾶρον.
1380 3722 1384 3728 ,

324 3751 478 3847 Ἀγετοὶ.
495 3758 541 3828 ἵσ.
559 3770 708 3851 cormpte
725 3785 784 3847 pro
798 3757 975 3852 Ἀγαστοὶ
992 3767 1044 3830 vel
1059 3758 1216 3852 Ἀγητοῖ.
1234 3768 1275 3831 ab
1292 3759 1370 3855 ἅγή,

378 3873 494 3954 θαῦμα.
1380 3907 1421 3964 30

318 3983 417 4078 ’'qu
435 3991 474 4056 11.
492 3985 538 4079 γ’.
556 3993 631 4080 367.

326 4100 486 4193 Ἀγῆλαι.
507 4130 539 4172 ν.
558 4104 689 4198 Su[id].
708 4117 741 4173 et
758 4111 868 4197 Etym.
890 4134 920 4176 v.
940 4112 1015 4178 Sch.
1034 4115 1116 4180 Eur.
1134 4132 1198 4202 473
1213 4139 1240 4180 a.
1265 4117 1312 4200 [in
1329 4118 1370 4182 al.

376 4245 425 4286 ex.
443 4215 592 4310 Ἀγῆλαι
610 4224 697 4308 apud
714 4225 793 4290 Eur.
816 4221 902 4312 179.]

325 4329 529 4423 Ἀγηλείοιο.
556 4361 597 4403 an
614 4348 763 4425 corrupte
781 4344 839 4426 p'ro
857 4334 979 4430 Ἀγελ.
1001 4367 1031 4408 v.
1047 4339 1218 4432 Ἀγελείη.
