3200 5058
585 401 960 466 aestuamus.
1210 370 1298 464 'ms

253 615 256 620 -
301 588 363 632 vox
380 566 572 632 diminutiva
588 567 628 630 ad
654 565 879 651 exprimendos
906 565 1101 630 infantilium
1128 587 1297 652 gressuum

302 681 423 768 primos
448 690 583 746 conatus
608 681 713 767 primo
730 682 878 760 conficta,
895 680 969 745 dein
987 682 1029 745 ad
1045 690 1170 747 motum
1187 704 1300 767 quem·

302 798 381 863 libet
397 798 589 885 impeditum
607 798 771 862 translata.

254 909 404 994 Βαθείης,
432 907 568 1002 άψιλῆς,
596 917 743 992 μελανῆς.
785 915 824 978 L.
852 905 994 1000 ὑψηλῆς,
1021 909 1180 990 μελαίνης.
1216 912 1299 976 Vide

304 1023 428 1101 Βάθος.
1308 1038 1325 1100 5

254 1139 406 1239 Βάθρων,
423 1142 592 1225 ε’μμελῖιον.
627 1149 668 1214 L.
687 1143 851 1225 θεμελίων.

255 1255 379 1333 Βάθος.
412 1260 543 1356 στίχος,
570 1260 757 1334 ἐπίστασις.
805 1265 900 1328 Forte
927 1263 1132 1328 scribendum
1161 1258 1215 1353 ἐφ’
1244 1257 1299 1327 ἕνα

304 1371 435 1451 στάσις.
477 1382 588 1468 Etym.
606 1373 744 1458 Βαθμδς
760 1372 851 1470 ταρὰ
869 1385 940 1451 τοῖς
956 1384 1192 1470 στρατηγικοῖς
1210 1377 1228 1455 ἧ
1245 1375 1300 1470 ἐφ’

304 1492 359 1562 ἕνα
384 1499 442 1573 τῆς
470 1488 655 1587 φάλαγγος
680 1487 811 1566 στάσις.
864 1497 911 1560 At
931 1496 965 1561 id
987 1519 1052 1561 non
1078 1505 1145 1560 tam
1169 1489 1300 1578 βαθμός

304 1635 402 1698 quam
419 1604 525 1695 βάθος
542 1621 602 1677 est.
638 1613 734 1678 Unde
751 1608 871 1693 βαθεῖα
890 1604 1044 1703 φάλαγξ,
1062 1621 1095 1678 et
1111 1607 1164 1677 ἐπὶ
1183 1604 1298 1694 βάθος.
1311 1630 1347 1669 ¹0

256 1723 515 1816 Βαθάγλωσσοι,
543 1723 720 1816 ἐλλόγιμοι
747 1722 800 1792 καὶ
826 1721 979 1819 ἆνθρεῖας.
1035 1730 1131 1794 Forte
1159 1724 1211 1794 καὶ
1246 1724 1301 1793 άν-

308 1836 418 1935 θρεΐοι.
459 1845 548 1908 Hinc
565 1845 785 1908 emendandus
802 1845 932 1931 Anony.
951 1845 1026 1910 MS.
1041 1839 1300 1932 Βαθάγλωσσοι,

306 1955 479 2046 λογισμοί.
515 1961 554 2024 L.
578 1953 767 2046 ἐλλόγιμοι.

257 2067 457 2169 Βαθάζωνοι,
476 2074 518 2148 εἰς
535 2067 642 2158 βάθος
669 2065 864 2168 ζωννύμενοι.
909 2076 948 2140 L.
967 2066 1163 2168 ζωννύμεναι.
1209 2076 1301 2142 Lioet

307 2192 459 2256 utriusvis
489 2192 615 2278 generis
640 2181 823 2284 βαθύζωνοι
856 2213 925 2255 esse
954 2191 1068 2277 possit,
1094 2214 1159 2257 non
1193 2201 1300 2257 tamen
1314 2201 1346 2263 ¹5

307 2307 477 2384 veteribus,
495 2330 576 2393 quos
599 2315 708 2371 noster
733 2329 860 2392 semper
873 2329 1032 2392 exponere
1059 2308 1223 2392 putandus
1240 2315 1300 2385 est,

307 2447 366 2509 pro
384 2424 527 2512 epitheto
544 2425 685 2489 virorum
702 2424 759 2487 sed
775 2422 977 2488 foeminarum
995 2422 1159 2507 accipitur.
1187 2422 1226 2487 Il.
1244 2416 1275 2488 ι’.

250 2532 415 2622 ΙΒάβαιιο,
431 2534 491 2606 τὸν
509 2532 628 2628 γάμον.
668 2540 757 2624 Lego
774 2531 834 2604 τὸν
850 2529 966 2602 λάλον.
1011 2538 1087 2624 Ipse
1103 2538 1200 2625 paulo
1216 2548 1301 2624 post,

308 2650 445 2745 Βάβαξ,
476 2648 625 2734 μάταιος,
655 2646 770 2726 λάλος.
815 2656 910 2718 Eust.
937 2676 970 2739 p.
986 2675 1079 2739 1494,
1093 2656 1131 2719 61
1162 2648 1301 2740 (=166,

179 2767 184 2776 ’
312 2773 377 2861 18.)
404 2764 534 2860 βάβαξ,
552 2771 624 2848 ἤτοι
643 2762 758 2839 λάλος.
787 2767 853 2857 [ΑΙ.
871 2791 921 2834 ex.
939 2769 1020 2856 Lye.
1032 2766 1123 2856 477.]
1177 2763 1257 2862 Βᾶξ
1271 2780 1303 2836 et
1314 2793 1351 2833 ιο

308 2881 429 2977 βάβαξ
443 2889 540 2954 idem.
565 2879 644 2974 βὰξ,
663 2883 681 2951 ὁ
699 2879 848 2979 κράκτης.
880 2885 987 2950 Schol.
1007 2886 1106 2953 Hom.
1123 2910 1154 2952 v.
1174 2881 1302 2973 Ἐκβα-

310 2997 423 3095 βάξαι.

261 3118 394 3214 Βαβῆρ.
417 3115 563 3212 ὁἊρης.
604 3122 700 3185 Forte
724 3120 897 3206 legendum
923 3115 1031 3210 ὁᾶἢρ,
1049 3119 1094 3184 ita
1118 3128 1156 3184 ut
1172 3116 1199 3202 β
1215 3130 1305 3187 utro-

309 3239 407 3325 bique
424 3240 561 3303 addatur
582 3239 653 3302 loco
675 3236 818 3322 spiritus,
835 3246 867 3301 et
884 3258 944 3301 vox
971 3236 1013 3300 sit
1030 3237 1303 3323 Pamphyliomm.

310 3357 501 3421 Notandum
518 3354 604 3420 enim
621 3362 727 3418 estex
744 3352 916 3417 Eustathio
949 3347 998 3440 [p.
1011 3354 1103 3438 1654,
1123 3351 1189 3435 αα]
1217 3356 1303 3438 quod
1314 3374 1330 3413 ο
1335 3371 1352 3432 5

311 3473 387 3538 olim
405 3471 592 3536 Heraclides
609 3469 728 3548 docuit,
747 3492 792 3534 sc.
811 3468 970 3554 Pamphyl
988 3514 1166 3533 .......
1284 3513 1287 3518 -

263 3580 458 3671 Βαβάκινος,
485 3583 607 3679 λάτρας
632 3579 724 3658 εἶδος.
751 3586 790 3650 L.
820 3579 953 3675 χάτρας.
991 3583 1081 3648 Suid.
1106 3575 1305 3667 Βαβάκινος,

311 3697 393 3774 sidae
410 3699 545 3795 χθτρος.
571 3709 645 3788 quae
662 3703 907 3767 confirmantur.
925 3749 934 3765 .
954 3747 962 3764 .
982 3748 990 3764 .

262 3813 439 3902 Βαλβῐθες.
483 3817 646 3904 Scriptum
668 3825 749 3903 puto
771 3817 811 3881 ab
831 3816 995 3903 Hesychia
1022 3809 1199 3899 Βαβλίθςς,
1219 3822 1306 3905 quod

313 3943 345 3999 ct
378 3936 541 3999 literarum
576 3934 654 3998 ordo
687 3933 842 4018 postulat,
869 3940 902 3996 et
931 3954 1004 4016 quae
1035 3941 1224 4017 sequuntur,
1254 3911 1355 4015 reigo

312 4043 483 4132 βολβῖθες,
501 4051 649 4114 suadent.

264 4160 439 4250 Βάβαλον.
456 4161 503 4231 io.
522 4159 693 4247 Βάβακον.

263 4277 438 4376 Βάβρικες.
478 4285 518 4348 L.
536 4275 718 4375 Βάβρηκες,
749 4284 927 4348 secundum
960 4281 1104 4346 ordinem
1133 4283 1307 4348 literarum.

306 4401 425 4487 'Etym
452 4401 604 4464 dicuntur
619 4391 768 4491 βάρηκες,
786 4397 848 4484 ipsi
867 4399 1031 4486 Hesychio
1048 4407 1160 4484 postea
1177 4393 1308 4489 Βέβρη-

315 4542 374 4586 κες.
394 4516 442 4580 Ut
458 4517 544 4581 enim
557 4507 746 4607 Βοβράζων
763 4506 1037 4606 οῖ’Βεβράξαντα
1051 4515 1146 4601 plane
1163 4516 1307 4595 eandem,
1317 4541 1354 4600 35
