3200 5058
299 325 363 388 158
635 317 1019 384 ADVERSARIA

344 491 500 576 scriptum
525 489 624 554 literis
646 486 831 574 majoribus,
849 483 1151 551 BAOTAKAPAC
1177 484 1265 568 quod
1286 482 1343 548 ali-

347 605 404 692 qui
420 604 512 691 quasi
533 625 637 670 unum
653 625 772 669 nomen
789 603 886 668 simul
901 602 1061 688 legebant.
1090 595 1174 674 τινὲς
1191 594 1343 681 ἐνόμισαν

345 718 381 788 ἓν
397 717 499 800 ὄνομα
517 722 620 789 τοῦτο
642 712 730 799 εἶναι,
748 728 786 785 ut
806 721 944 807 legimus
968 721 1003 784 in
1019 720 1171 806 Append.
1188 719 1343 785 Vaticana

349 837 604 905 Proverbiorum.
648 835 713 902 Sed
731 835 940 902 Grammatici
964 836 1153 915 docuerunt,
1167 829 1277 901 Ἔστι
1309 827 1344 900 δὲ

346 948 411 1026 υἱὸς
435 946 590 1047 ὁΚάρας
605 953 667 1019 τοῦ
683 945 794 1032 Bora,
811 949 851 1024 ὡς
875 948 908 1017 ἐν
922 945 1053 1044 Ἡραίῳ
1075 952 1123 1038 τῷ
1142 943 1256 1037 Σαμίῳ
1273 947 1368 1032 ότι-5

348 1066 554 1163 γέγραπται.
606 1071 668 1134 Est
700 1067 799 1155 igitur
832 1060 958 1134 Βόστα
992 1061 1110 1160 Κόρας
1142 1068 1223 1132 nihil
1256 1067 1343 1132 eliud

296 1249 308 1264 „
348 1209 445 1273 quam
471 1187 570 1252 Caras
594 1183 726 1271 quidam
748 1183 840 1270 cujus
862 1192 954 1270 pater
971 1185 1085 1250 Baetes
1102 1183 1270 1264 diceretur,
1286 1183 1343 1271 qui

348 1303 517 1368 donarium
533 1302 658 1369 Junoni
673 1302 708 1366 in
724 1301 827 1388 ipsius
843 1301 965 1387 templo
981 1301 1152 1366 dedicarat.
1200 1303 1282 1367 Haeo
1301 1303 1342 1368 ad

344 1413 490 1512 Ἡραῖον
513 1423 625 1510 τεῖχος
642 1419 836 1484 Maussaous
859 1418 1024 1483 transtulit
1045 1418 1079 1482 in
1096 1419 1181 1484 notis
1198 1419 1240 1484 ad
1258 1419 1342 1483 Har-

347 1558 436 1622 pocr.
461 1536 518 1600 sed
547 1536 581 1600 in
610 1536 799 1622 Appendioe
834 1533 1025 1615 retractavit,
1055 1542 1088 1599 et
1116 1557 1175 1621 pro
1206 1533 1342 1627 θῆρηναν
1356 1546 1390 1586 ¹0

347 1651 426 1736 legit
455 1646 567 1743 θηρίον
591 1651 681 1716 nullo
706 1673 867 1716 successu.
902 1651 974 1738 Ego
1000 1673 1060 1737 pro
1087 1649 1224 1743 θῆρηναν
1252 1646 1343 1729 ἔθηκε

347 1766 418 1851 lege
445 1765 543 1858 θήρην
567 1761 707 1846 άνόθηκε.
760 1767 813 1832 Sic
837 1767 936 1853 igitur
960 1768 1055 1853 legor
1078 1760 1203 1833 Βάστα
1225 1759 1343 1860 Κόρας

349 1875 475 1959 Σάμιος
486 1875 580 1975 Ἥρη
611 1881 708 1975 θήρην
736 1878 867 1961 ἆνόθηκα
895 1875 1010 1960 Τῆνθε.
1045 1883 1107 1948 Vel
1135 1875 1224 1960 τάνδ’
1247 1875 1343 1973 Ἥρη

349 1993 420 2090 θῆρ’
438 1993 487 2064 ἆυ.

299 2108 545 2207 Βαστικρόλεα.
568 2139 599 2184 v.
617 2112 738 2182 Boon*
1141 2138 1145 2144 '
1356 2147 1389 2208 ¹5

298 2223 585 2325 Βαστραχηλῖζει.
613 2234 636 2299 f.
652 2225 883 2327 τραχηλιάζει.
917 2235 1027 2320 Etym.
1056 2223 1343 2326 Βαστραχηλόζει,

347 2343 590 2440 τραχηλιάσαι.
634 2350 738 2416 Vetus
766 2353 810 2416 H.
836 2351 884 2418 St
915 2351 994 2415 Lex.
1023 2343 1342 2444 Βαστραχηλιάσαι,

347 2456 586 2554 τραχηλιάσαι.
620 2465 705 2532 Ano·
724 2460 1023 2558 Βαστραχαλῖσαι,
1040 2459 1279 2559 τραχηλιάσαι.
1296 2488 1341 2531 ec.

349 2578 486 2645 Cretico.
514 2603 544 2646 v.
562 2573 793 2676 Βασκαρίζειυ.

288 2689 466 2774 ¹Bar-aire:-
489 2717 520 2760 v.
534 2690 706 2764 Βαπαίνει.
1354 2729 1392 2768 20

299 2802 470 2886 Βάταλος,
487 2811 642 2877 aPunico
659 2815 763 2880 Batel.

299 2919 460 2991 Βατάνια.
488 2949 519 2992 v.
548 2921 717 2998 Πατάυια.
744 2925 875 3010 τατάνη
891 2936 1019 3016 potino,
1037 2927 1199 2999 πατάνιον
1208 2936 1341 3017 patella.

347 3063 380 3108 v.
395 3043 476 3108 Poll.
494 3051 527 3108 et
543 3045 663 3111 Athen.

298 3151 424 3236 Βάτην,
441 3153 502 3236 τὴν
518 3163 590 3248 γῆν.
608 3157 814 3254 ἐπορεύοντο,
832 3157 998 3260 ἐβάδιζον.
1035 3169 1175 3234 Priorem
1193 3168 1342 3236 emenda-

347 3276 469 3341 tionem
501 3278 625 3363 praebet
654 3280 764 3366 Etym.
799 3272 924 3359 Βάτην,
955 3278 1015 3360 τὴν
1049 3288 1122 3372 γῆν,
1148 3285 1341 3367 Μεσσήνιοι,
1352 3303 1389 3369 25

347 3401 433 3458 terra
453 3417 498 3459 so.
520 3417 618 3480 quam
634 3395 772 3481 pedibus
788 3397 931 3462 teximus.
981 3400 1141 3466 Posterior
1160 3401 1278 3470 Glossa
1293 3414 1343 3471 est

347 3509 381 3572 in
397 3509 478 3575 illud
495 3511 620 3576 Homer
636 3511 676 3577 Il.
694 3505 735 3578 α’.
753 3529 826 3601 327.
860 3508 909 3579 τά
926 3507 954 3580 θ’
971 3510 1104 3584 άέιιοντι
1124 3513 1233 3602 βάτην
1250 3513 1342 3614 ταρὰ

349 3620 406 3689 θῖν’
439 3617 520 3695 ἁλὸς
554 3620 765 3718 ἀτρυγέτοιο.
799 3629 873 3695 vet.
908 3631 1015 3698 Schol.
1046 3626 1172 3714 Βάτηυ,
1206 3633 1341 3720 ἔβησαν,

346 3733 576 3826 ἐπορεύθησαν.
1270 3739 1276 3748 ”

297 3847 420 3918 Βατία.
447 3843 588 3921 Bodaeus
604 3857 627 3923 l.
645 3850 801 3926 Βάτινον.
827 3858 846 3926 ὁ
864 3864 922 3939 τῆς
938 3854 1048 3945 βάτου
1064 3861 1198 3958 καρπός.
1236 3869 1392 3952 Prima30

347 3969 529 4034 emendatio
557 3983 717 4059 repugnat
744 3977 908 4042 literarum
937 3979 1038 4057 seriei,
1067 4004 1173 4068 neque
1201 3991 1251 4048 est
1275 3985 1342 4050 ullo

346 4085 444 4150 modo
472 4089 658 4168 necessaria,
676 4099 714 4156 ut
735 4101 825 4179 patet
849 4116 889 4159 ex
911 4095 1081 4164 Athenaeo.
1099 4091 1283 4192 Παρθένιος
1308 4095 1343 4169 δὲ

347 4191 474 4293 άβρυνα
500 4197 585 4295 φησὶ
610 4197 777 4289 συκάμινα,
796 4206 817 4274 ά
835 4212 990 4278 καλοῦσιν
1007 4208 1082 4279 ἔνιοι
1107 4209 1206 4306 μόρα.
1248 4212 1341 4284 Σαλ-

346 4313 461 4395 μάνιος
478 4311 512 4384 δὲ
528 4312 573 4387 τὰ
590 4314 674 4390 αὐτὰ
691 4325 799 4392 ταῦτα
815 4319 932 4408 βάτια.
959 4329 1009 4395 Ea
1020 4331 1119 4416 igitur
1130 4353 1204 4418 quae
1216 4325 1342 4426 άβρυνα
