3200 5058
338 345 402 408 150
672 343 1050 408 ADVERSARIA

340 506 703 595 Βαλβίς.-Βαλβίθις
715 561 722 577 .
736 562 744 578 .
757 562 765 578 .
778 513 800 578 l.
811 504 1033 594 βαλβιτῶθες,
1046 510 1091 575 ita
1104 511 1189 576 enim
1205 511 1384 596 Hippocra-

389 637 438 693 tes
455 629 573 714 ipsein
593 628 775 693 Mochlicoz
796 621 840 694 τθ
858 622 892 693 cii
909 620 992 720 πρὸς
1009 622 1138 714 ἀγκῶνα
1157 623 1256 692 αὐτοῦ
1272 620 1384 692 πλατὺ

389 738 441 808 καὶ
454 737 645 814 κονδνλῶθες
661 738 713 808 καί
730 737 939 826 βαλβιτῶθες
960 738 1012 808 καὶ
1027 737 1172 834 στερεόν.
1199 764 1244 808 sc.
1257 739 1384 825 βολβι-

389 853 491 930 θῶδες.
533 862 648 946 Neque
664 860 717 924 hic
734 854 885 942 βαλβίδα
904 859 1113 946 Hippocratis
1130 881 1189 944 pro
1206 859 1317 945 regula
1333 859 1383 923 vel

388 977 541 1062 repagulo
563 976 679 1063 accipit
697 978 800 1063 Hesy.
818 984 856 1040 ut
873 977 1048 1042 Salmasius
1064 975 1175 1040 voluit.
1205 971 1265 1066 [ad
1282 975 1408 1049 Solin.5

388 1114 422 1177 p.
441 1095 503 1175 648
522 1086 583 1180 Ε.]
653 1093 718 1158 Sed
751 1093 920 1178 diligenter
953 1093 1132 1158 notandum
1165 1093 1253 1176 quod
1287 1092 1383 1156 tradit

388 1209 495 1274 AElius
524 1209 702 1295 Dionysius
729 1210 817 1295 apud
844 1210 939 1275 Eust.
967 1231 1001 1294 p.
1023 1230 1115 1292 1404.
1153 1201 1321 1290 Βαλβίδες
1346 1205 1382 1273 οὗ

389 1319 489 1400 μόνον
507 1322 542 1388 αἱ
557 1320 610 1388 ἐπὶ
634 1319 782 1415 ἀφέσεως
808 1318 949 1414 δρομέων
972 1319 1123 1415 γραμμαὶ
1149 1316 1236 1389 κατὰ
1258 1317 1382 1390 Αἴλιον

389 1435 571 1520 Διονύσιον,
588 1433 678 1505 ἆλλᾶ
696 1435 747 1504 καὶ
766 1435 842 1506 ὅσαι
864 1436 897 1504 ἐν
914 1436 1039 1531 φρέασι
1062 1436 1113 1504 καὶ
1138 1433 1255 1511 ἄλλοις
1276 1436 1382 1505 τοιού-

387 1581 458 1627 τοις
474 1548 617 1643 ἐγκοταί
633 1556 717 1648 φησι
735 1551 787 1620 καὶ
804 1548 932 1646 ἐξοχαῖ,
950 1550 987 1622 δι’
1001 1553 1042 1622 ὧν
1059 1552 1211 1622 κατίασιν
1227 1553 1270 1627 eit
1287 1549 1379 1622 οὖτά.
1392 1581 1430 1618 10

338 1663 443 1736 Βάλε.
469 1667 488 1736 ὁ
507 1667 645 1763 φελλός.
671 1673 694 1736 l.
712 1668 848 1764 ὄφελον.
880 1673 955 1758 Ipse
970 1665 1117 1755 Ἀβάλι,
1135 1668 1272 1763 ὄφελον,
1290 1668 1363 1739 εἴθε.

252 1869 254 1874 Ι
338 1781 518 1853 ΒολεῖνΙΙ.
539 1781 574 1852 ν’.
591 1790 665 1875 387.

338 1894 500 1968 Βάλλετο
519 1904 558 1969 Il.
580 1897 627 1985 β’.
645 1926 698 1991 43.

338 2013 477 2085 Βαλίον.
504 2021 543 2084 L.
563 2011 702 2085 Βαλιάν.
727 2012 960 2096 κατάστικτον,
977 2015 1137 2098 ποικίλην.
1174 2022 1317 2107 Respicit
1333 2024 1380 2087 lo-

386 2157 461 2198 cum
479 2135 645 2221 Euripidis
663 2137 746 2203 Hec.
763 2159 794 2203 v.
813 2157 866 2222 90.
892 2137 1035 2223 Etymol.
1054 2130 1232 2227 Εὐριπίδης
1256 2131 1379 2219 βαλιὰν
1392 2157 1425 2216 15

385 2246 516 2343 ἔλαφον
534 2247 630 2344 φησί.
673 2253 836 2320 Acoentus
853 2253 999 2317 meminit
1015 2253 1110 2316 Eust.
1128 2246 1247 2334 βαλιός
1264 2245 1380 2341 ὀξυτό-

387 2393 442 2438 νως
458 2360 518 2434 τὸν
534 2363 639 2460 ταχὺν
656 2363 674 2446 ’ἦ
692 2360 829 2435 στικτὸν
846 2361 950 2446 δηλοῖ.
973 2392 1005 2434 v.
1024 2363 1148 2435 Βαλία.
1185 2370 1299 2456 Eurip.
1320 2371 1379 2434 Pa-

385 2486 492 2570 raphr.
525 2477 608 2550 εἳθον
638 2478 706 2576 γάρ
735 2480 868 2577 ἔλαφον
896 2477 1121 2552 κατάστικτον
1150 2481 1202 2551 καὶ
1231 2490 1377 2577 ταχεῖαν.

386 2601 424 2665 F.
442 2601 503 2686 leg.
523 2595 653 2667 Βαλιὰν
670 2597 812 2694 ἔλαφον,
828 2593 1053 2668 κατάστικτον
1075 2597 1094 2679 ἣ
1116 2597 1276 2680 ποικίλην.
1308 2597 1379 2667 Βα-

385 2708 467 2794 λιὸν,
483 2713 581 2807 ταχύ.
617 2712 747 2808 Κρῗγτες
764 2711 799 2782 δὲ
815 2713 930 2810 τηρόν.
1390 2742 1426 2781 20

336 2825 649 2925 Βαλανιομφάλονς.
678 2836 780 2899 Deest
796 2826 922 2925 φιάλας
937 2835 971 2898 in
989 2858 1077 2920 seqq.
1114 2837 1176 2900 Pro
1194 2833 1378 2927 ὀφθαλμῶν

385 2949 410 3014 l.
426 2945 599 3040 ὀμφαλῶν.
628 2944 696 3015 Καὶ
715 2945 836 3042 φίαλαι
859 2944 894 3015 δέ
915 2977 998 3022 τινες
1019 2944 1111 3042 παρὰ
1135 2947 1291 3043 Κρατίνῳ
1313 2948 1379 3034 βα-

385 3060 639 3154 λανειόμφαλοι,
655 3059 739 3132 διότι
754 3063 786 3132 οἱ
802 3061 954 3157 ὀμφαλοὶ
971 3062 1075 3132 αι’ντῶν
1087 3061 1139 3131 καὶ
1154 3065 1187 3131 οἱ
1200 3062 1295 3133 θόλοι
1313 3067 1377 3133 τῶν

385 3177 564 3263 βαλανείων
576 3176 686 3260 ὅμοιοί
698 3180 771 3248 εἶσι.
784 3183 1015 3249 Eust.1261.et
1024 3184 1183 3247 Athenaeo
1191 3183 1293 3269 XI.p.
1301 3199 1375 3269 501.

335 3289 483 3364 Βάλανοι
503 3348 510 3364 .
529 3292 630 3365 univ.
647 3349 655 3365 .
670 3293 777 3389 θρνῶν.
1388 3319 1421 3379 25

336 3406 466 3506 Βλάρες
483 3415 568 3479 N.L.

336 3522 493 3595 Βαλάσαι
512 3531 597 3596 N.L.

335 3639 476 3735 Βαλῆρα
495 3647 580 3710 N.L.

334 3755 445 3824 Βαλία
463 3761 547 3825 N.L.
573 3762 595 3825 f.
613 3757 769 3839 λεύκωμα.
796 3755 915 3844 βαλιός·
932 3771 982 3828 est
997 3757 1107 3834 λευκὸς
1123 3765 1233 3851 Etym.

334 3873 354 3913 *
367 3869 593 3940 ΒαλίονἘιικ.
616 3898 687 3963 199.
1383 3899 1421 3956 30

332 3985 546 4068 Βαλικιῶτης.

333 4104 353 4144 *
365 4098 503 4185 Βάλιον,
520 4102 620 4198 ταχὺ,
637 4135 662 4174 ε.
681 4135 717 4174 τ.

333 4216 642 4301 Βαλλαντιιντόμοκ.

333 4331 446 4402 Βάλλ’
463 4334 492 4406 ἕν
509 4331 549 4402 άκ
564 4389 571 4404 .
587 4389 594 4404 .
610 4389 618 4405 .
634 4333 783 4423 Λέσβον.
