3140 5054
287 392 340 458 viii
649 391 1021 454 'PRAEFATIQ
1111 395 1114 402 '

293 593 347 664 13.
373 561 629 662 Lecicoyropii
639 565 754 659 primi
771 567 876 636 uuius
894 564 1050 637 authoris
1073 588 1168 638 voces
1191 562 1277 635 κατὰ
1294 595 1389 636 στοι-

412 699 502 786 χεῖον
519 687 732 786 adiecerunt,
751 689 862 786 Hesu.
874 688 967 785 prot.

392 811 439 887 Ut
451 811 611 895 Homeri,
624 812 747 909 Apiou
760 823 792 885 et
803 813 836 886 Α
836 813 1013 908 potiouius
1025 811 1200 886 Arciibii.
1213 813 1263 902 (in
1278 836 1388 906 marg.

410 928 667 1024 Apioujecuior
683 927 899 1026 Apottouio.)

386 1054 542 1127 Leuicou
557 1052 688 1125 Iliadis
706 1052 758 1124 bis
774 1063 984 1130 memoratur
999 1052 1151 1149 Etymot.

387 1179 468 1256 Atii
487 1177 657 1262 Comicus,
680 1177 856 1276 Troqicos.
914 1177 1041 1263 Theou,
1060 1178 1247 1274 Didymus,
1265 1177 1338 1249 otii.

387 1313 481 1389 Aute
497 1311 755 1409 Diooeuiouum
774 1336 872 1384 uemo
885 1311 1043 1410 qeueroie
1060 1310 1195 1382 teuieou
1212 1309 1366 1406 confecit.

388 1437 629 1534 Diooeuiouus
655 1459 749 1508 uoces
778 1461 823 1512 eu
847 1434 1015 1522 Homero,
1036 1435 1197 1518 Comicis,
1219 1434 1390 1532 Troqicis,

413 1552 566 1648 Lyricis,
591 1550 811 1634 trucioribus,
833 1550 996 1633 Medicis,
1018 1550 1212 1623 Historicis
1238 1551 1391 1624 collectos

412 1667 498 1740 κατὰ
519 1678 689 1764 στοιχεῖον
707 1667 886 1763 disposuit,
905 1667 1055 1762 adeoque
1071 1678 1103 1739 et
1119 1677 1267 1739 ueterum
1285 1678 1317 1740 ct
1333 1669 1391 1740 sui

415 1785 577 1878 temporis
595 1783 754 1856 uocabulo
771 1784 1017 1878 simutjuuuit,
1035 1794 1067 1855 et
1078 1783 1270 1856 Proverbio
1287 1785 1389 1854 etium

413 1901 570 1972 inseruit.
625 1900 750 1994 Operis
777 1925 900 1972 uomeu
926 1881 1240 1997 Heprepyouiuuuss.
1295 1899 1390 1994 Opus

414 2015 476 2088 doc
494 2041 538 2090 cu
554 2015 744 2112 Pamphilo
761 2025 793 2087 et
810 2015 1009 2112 Zopyrioue
1026 2015 1245 2110 descriptum.
1296 2014 1390 2087 Nom

414 2132 595 2228 Zopyriou
620 2156 714 2204 uoces
741 2142 888 2227 quotuor
904 2131 1085 2203 literarum
1109 2132 1324 2226 disposuerat
1350 2130 1391 2202 ab

413 2251 449 2324 A
468 2248 516 2318 od
532 2249 574 2318 A.
626 2246 834 2344 Pamphilus
859 2247 1011 2343 reliquos
1039 2247 1080 2318 ob
1105 2247 1206 2318 Eud
1231 2246 1271 2330 Ω,
1295 2256 1327 2318 et
1352 2248 1391 2317 iu

414 2361 520 2436 libros
550 2388 610 2456 115
642 2363 815 2434 distiuuit.
866 2362 1001 2436 Nomou
1028 2365 1142 2458 operis
1170 2360 1392 2460 Haeduovh

414 2484 581 2571 γλῶσσαι.
627 2477 736 2552 Huuc
752 2478 1009 2577 Dioyeuiouum
1028 2477 1088 2550 sub
1105 2479 1393 2572 Adriouost'oru-

414 2597 481 2666 isse
498 2595 607 2666 trudit
622 2593 764 2668 Suidos.
816 2596 874 2668 De
891 2620 957 2691 quo
975 2596 1207 2691 qurereudum.

389 2718 583 2792 Zeuodotus
600 2718 769 2793 Strabone
776 2721 903 2813 juuior
920 2721 1075 2815 (seuior).

390 2842 623 2940 Ἀρίσταρχος
646 2842 706 2916 sub
722 2843 910 2918 Ptolemceo
927 2843 1161 2916 Philometore
1182 2841 1285 2917 Suid.
1313 2842 1394 2914 iude

415 2957 684 3057 Ἀριστάρχειοι.

391 3093 588 3187 Dionysius
609 3092 741 3177 Three,
759 3092 963 3166 Aristarchi
980 3090 1180 3187 disciputus.

390 3225 622 3301 Ἀπολλώνιος
641 3225 836 3322 Ἀρχιβίου,
853 3223 993 3320 ἔγραψε
1017 3227 1092 3320 περὶ
1115 3222 1233 3318 λέξεων
1253 3226 1396 3320 Ὀμηριι

415 3347 475 3410 κῶν
492 3338 578 3418 κατὰ
596 3352 776 3437 στοιχεῖον.
803 3341 867 3415 Su.
884 3340 983 3414 Idem
1000 3340 1130 3437 Hesym
1142 3364 1253 3435 prooe.

395 3463 523 3536 Theou.
544 3464 812 3540 Grammaticos.
842 3465 990 3566 Su[id].
1014 3466 1052 3535 iu
1077 3463 1214 3548 Ἀπίων,
1235 3463 1394 3538 Comicus

416 3590 477 3651 out
508 3579 676 3678 Troyicos
704 3605 798 3653 uoces
828 3583 1071 3676 interpretatus
1098 3579 1183 3651 κατὰ
1212 3589 1393 3675 στοιχεῖον.

416 3695 526 3791 Hesy.
538 3719 618 3790 pro.

393 3819 520 3890 Ἀπίων
533 3822 722 3916 disciputus
733 3821 925 3917 Apottouii
937 3821 1084 3918 Su[id].
1109 3821 1294 3918 Successor
1307 3819 1396 3892 Tue-

417 3939 503 4009 ouis.
554 3938 686 4010 Docuit
707 3939 833 4010 Romu
855 3937 916 4008 sub
941 3936 1081 4009 Tiberio
1102 3948 1133 4008 et
1152 3937 1250 4012 Caio.
1303 3923 1393 4011 Cum

417 4054 556 4148 Apioue
572 4053 794 4126 Herodorum
812 4078 944 4148 semper
960 4053 1134 4152 coujuuyit
1150 4051 1367 4124 Eustotdius.

332 4247 348 4292 b
369 4249 523 4324 Hesychius
545 4269 596 4306 nou
619 4250 697 4308 dohet
719 4251 807 4306 omnio
828 4250 957 4308 vocabulo
979 4269 1037 4326 quse
1060 4251 1154 4308 hahuit
1172 4251 1342 4326 Pamphilus,
1364 4259 1396 4310 ut

292 4348 432 4423 sollicitus·
444 4367 478 4402 es
491 4346 586 4421 Etym.
603 4349 631 4404 iu
645 4349 790 4422 ΚμεἍιθρα.
821 4370 825 4378 ·
