3200 5058
311 367 376 429 148
648 359 1029 426 ADVERSARIA

364 528 448 607 fuit3
465 527 510 592 ita
526 528 612 592 enim
629 527 774 613 nequitur
789 528 877 614 apud
894 527 1090 605 Eudemum,
1108 519 1275 616 Εὗνοῦχος
1292 515 1360 612 γάρ

364 669 416 714 τις
432 637 469 720 ἦν
484 636 726 728 μεγαλόσιομος
742 633 906 720 Βάκηλος.
942 643 1031 729 Lego
1047 641 1155 727 igitur,
1172 662 1238 704 non
1255 633 1286 716 ἢ,
1303 638 1360 703 sed

367 753 445 822 ἀλλ’
463 751 611 835 ἀνόητος.
664 758 772 824 Gloss.
789 761 907 836 Barbo,
925 750 1088 836 Βάκηλος.

317 921 326 938 .
345 920 354 937 .
373 921 381 937 .
398 869 451 936 ὑπ’
468 867 563 938 ἐνίων.
599 874 672 938 For.
689 869 739 937 ὑπ’
759 868 935 939 Ἀσιανῶν.
952 895 983 939 v.
1002 871 1233 959 Phrynichum.
1262 867 1360 933 Luci·

368 1009 449 1052 anus
467 1010 552 1073 saepe
569 987 672 1052 utitur
687 1011 747 1073 pro
764 989 936 1054 Eunucho.
1368 1006 1385 1067 5

317 1098 476 1194 Βακχεῖα.
514 1104 554 1168 L.
572 1094 731 1194 Βάκχεια.
750 1126 779 1169 v.
799 1098 1049 1196 Θυρσοτλῆγες.
1068 1102 1176 1168 Gloss.
1200 1095 1358 1190 Βακχεῐα,

365 1222 591 1285 Bacchanalia.
619 1221 658 1284 In
677 1221 756 1284 Eur.
775 1213 934 1311 Βακχεία.

316 1330 506 1426 Βακχεῖον.
526 1385 534 1400 .
554 1383 562 1400 .
581 1327 725 1426 νάρθηξι.
754 1337 892 1417 (Deinde
909 1333 1013 1421 addit)
1031 1329 1115 1400 Βακ.
1131 1331 1358 1423 τελεστήριον,

363 1442 495 1542 νάρθηξ.
513 1475 544 1518 v.
562 1453 641 1518 Eur.
659 1453 693 1516 in
711 1453 859 1518 Bacchis.

315 1559 434 1659 Βάκχη
453 1617 461 1634 .
481 1614 490 1634 .
509 1617 518 1634 .
536 1569 606 1634 dele
623 1568 651 1644 ἦ.
1370 1587 1406 1626 10

315 1675 500 1774 Βακχιάδαι
520 1731 528 1747 .
548 1733 556 1748 .
575 1676 712 1774 Βάκχον
728 1707 896 1770 perperam
915 1681 957 1771 Ρ]
984 1685 1049 1749 imo
1066 1674 1193 1773 Βάκχις
1209 1681 1271 1746 fuit
1291 1703 1356 1745 non

364 1791 500 1891 Βάκχος
515 1823 546 1866 v.
566 1801 662 1866 Paus.
681 1821 733 1886 92.
756 1809 789 1866 et
807 1802 889 1868 Scnl.
908 1801 989 1866 Can.
1008 1802 1093 1886 Isag.
1110 1821 1186 1886 333.
1210 1793 1316 1886 (341.)

314 1906 459 2006 Βάκχος.
495 1916 534 1980 L.
564 1912 596 1980 οἱ
625 1909 659 1980 δὲ
684 1912 863 2008 στέφανον,
890 1919 1068 1982 seeundum
1098 1917 1296 1980 Nicandrum
1322 1915 1357 1978 in

364 2031 500 2096 Glossis.
529 2031 629 2096 An'st.
656 2033 762 2098 Schol.
790 2056 823 2119 p.
838 2055 912 2103 212.
946 2030 1020 2099 ἔστι
1050 2026 1084 2098 δὲ
1111 2026 1161 2096 καὶ
1187 2022 1358 2122 στεφάνου

362 2139 454 2225 εἶδος,
488 2143 528 2217 ὡς
557 2141 740 2238 Νίκανδρος
772 2145 804 2214 ε’ν
836 2151 885 2236 τῷ
919 2145 994 2240 περὶ
1025 2149 1187 2236 γλωσσῶν
1217 2145 1355 2236 ἱστορεῖ.
1369 2163 1406 2224 15

361 2258 449 2340 Φησὶ
467 2255 534 2353 γάρ
553 2256 661 2335 οὕτως·
680 2256 866 2356 Βάκχοισιν
882 2258 1030 2356 κεφαλάς
1046 2260 1251 2356 περιανθέσιν
1263 2258 1357 2329 ε’στέ-

362 2371 492 2468 ψοντο.
535 2381 613 2466 Ety.
637 2377 774 2467 λέγεται
799 2374 833 2447 δὲ
862 2378 880 2446 ὁ
910 2375 994 2474 ἱερὸς
1011 2376 1173 2446 Διονύσον
1198 2375 1275 2471 ἀνὴρ
1302 2373 1355 2444 καὶ

359 2489 507 2567 κλαάθιος
525 2491 601 2582 (leg.
618 2489 752 2588 κλάδος)
769 2493 788 2562 ὁ
806 2493 837 2563 ἐν
853 2503 925 2568 ταῖς
941 2499 1101 2576 τελεταῖς,
1118 2491 1136 2574 ἦ
1156 2492 1334 2588 στέφανος.

312 2605 473 2704 Βάκχου.
490 2661 498 2679 .
514 2611 554 2688 ,ἡ
573 2607 737 2679 Σικυωνία.
767 2629 771 2638 ’

311 2720 489 2820 Βάκχυλον
516 2721 645 2794 στονθι.
673 2723 722 2794 ἰ’σ.
752 2722 925 2808 σποθίτην.
955 2754 985 2796 v.
1016 2721 1158 2804 Στοάός,
1189 2721 1406 2817 Βακχυλὶςαο

364 2838 495 2928 suun.

310 2949 485 3028 Βάλαικες.
503 2957 589 3021 Eud.
608 2948 751 3029 Βάλεκες
769 2951 816 3042 (et
832 2957 901 3044 ipse
918 2981 951 3044 p.
965 2956 1014 3048 p.)
1032 2957 1153 3044 Cyrillo
1170 2947 1331 3026 Βάλαάες.

313 3065 463 3137 Βαλαιάν
480 3074 524 3136 Ν.
543 3074 583 3138 L.

313 3187 333 3227 *
349 3181 515 3258 Βαλανεὺς
532 3187 697 3272 Aristoph.
716 3190 769 3271 64.

311 3296 472 3382 Βάλανοι,
491 3299 587 3398 δράες,
606 3302 724 3397 φηγοί.

313 3416 481 3504 *Βαλβὶς
499 3423 578 3509 Lyc.
597 3445 627 3488 v.
645 3443 693 3509 13.

310 3531 488 3618 Βαλβίδες,
509 3529 714 3623 ὕσπληγγος.

310 3647 542 3740 Βακτρεάμασι
562 3700 570 3716 .
589 3699 598 3716 .
617 3643 875 3743 στηριζομένοις.
903 3652 1014 3739 cyrill.
1031 3649 1133 3730 με’νοι.
1151 3656 1245 3720 male.
1266 3649 1354 3718 Βακ-

357 3761 528 3855 τρεάμασι.
545 3771 616 3835 τοῖς
632 3763 802 3857 ἕρεῖσμασι
821 3760 1062 3862 στηριζόμενοι.
1114 3771 1179 3834 Sed
1194 3771 1269 3835 hinc
1287 3793 1353 3834 om·

359 3880 681 3965 nino'corrigendus:
699 3883 829 3968 respicit
845 3885 931 3956 enim
950 3885 1109 3971 OEdipum
1126 3886 1160 3950 in
1179 3886 1354 3951 Phoenissis
1362 3909 1403 3968 30

357 3994 524 4081 Euripidis
543 3995 657 4084 (1555)
675 3989 873 4083 Antignnam
890 4000 936 4064 ita
952 4002 1187 4087 alloquentem:
1213 3997 1251 4068 τί
1266 3999 1312 4080 μ’,
1329 3995 1355 4067 ὦ

357 4106 508 4202 παρθένε,
526 4106 751 4202 βακτρεύμασι
769 4115 903 4206 τυφλοῦ
919 4110 1020 4189 ποδὸς
1036 4110 1199 4207 ἐξάγαγες
1212 4115 1254 4190 εἷς
1271 4117 1350 4210 φῶς.

309 4218 498 4292 Βαλάντιον
516 4229 609 4292 Prov.
632 4248 658 4305 1,
678 4249 728 4310 14.

308 4338 484 4413 Βαῖτυλος.
513 4338 563 4408 ἔτι
581 4335 626 4422 ii,
644 4338 757 4434 φησὶν,
774 4340 929 4423 ἐπενόησε
946 4342 1018 4418 θεὸς
1035 4342 1167 4441 οάρανάς
1182 4345 1353 4432 βαιτάλια,

356 4454 466 4530 λίθους
483 4449 656 4550 ἐμψύχους
672 4451 949 4550 μηχανησάμενος.
968 4464 1049 4530 Eun.
1068 4465 1104 4530 P.
1118 4467 1159 4531 Ε.
1179 4486 1230 4552 24,
1250 4484 1301 4554 27.
1361 4476 1401 4540 35
1432 4519 1434 4523 ⁷
