3148 5064
529 367 923 432 HESYCHIANA.
1185 371 1251 434 888

201 518 339 628 Ἰερῆνον
357 536 397 601 11.
415 529 461 628 χ’.
479 551 557 638 159.
580 532 652 628 [Al.
670 551 720 602 ex.
740 535 863 603 Herod.
882 537 935 624 ⁶5,
950 534 1019 623 43.]

201 646 321 742 Ἰεροῖο
340 643 457 729 δόμοιο
476 652 516 716 ΙΙ.
534 643 580 744 ζ’.
598 653 652 740 89.

201 753 383 857 Ἷερομηνῖα
396 814 404 830 .
417 811 426 832 .
438 813 446 830 .
457 791 512 858 ρο,
530 758 600 858 ἱερὰ
617 761 716 858 ἑορτὴ
733 758 819 832 κατὰ
835 791 870 845 μ.
907 764 973 854 [ΑΙ.
992 789 1041 833 ex.
1061 767 1153 833 Pind.
1174 770 1250 835 sch.

254 884 319 968 34⁶
335 881 379 964 ν]

201 989 362 1087 Ἰεροῖτας
376 1046 385 1064 .
399 1045 407 1062 .
421 993 589 1087 γεροῖτον.
1256 1011 1273 1076 5

202 1099 307 1203 Ἱερὸν
323 1110 342 1189 ἡ
358 1109 542 1196 συμβουλή.

201 1219 317 1319 Ἱερὸν,
334 1224 441 1321 ἔννγρ.
467 1252 513 1294 sc.
531 1229 573 1294 ad
588 1219 674 1320 ἱερὸν
692 1222 786 1320 ἰχθὺν
803 1229 914 1316 Etym.

200 1336 304 1434 Ἱερός
320 1339 411 1436 ἰχθὺς
429 1346 467 1411 ΙΙ.
485 1338 531 1410 π’.
549 1361 624 1430 407.

200 1453 306 1551 Ἱερὸν
321 1457 415 1539 μένος
428 1455 511 1526 Ἀλ.
539 1461 603 1526 Od.
621 1453 659 1539 η’.
676 1463 748 1546 167.

200 1565 391 1667 Ἰεροποιοὶ.
417 1601 448 1644 v.
463 1571 654 1656 Ἐπιμῆνιοι
681 1585 714 1642 et
738 1569 942 1668 Ἀγρέμονο.
990 1573 1056 1664 [ΑΙ.
1074 1599 1124 1642 ex.
1143 1577 1296 1651 Inter-10
1369 1596 1377 1621 ⁴

253 1694 390 1778 pretatio
414 1716 474 1780 pro
499 1716 577 1760 voce
601 1693 825 1780 glossematico
853 1686 929 1783 (sic)
955 1691 1070 1778 posita,
1087 1700 1133 1756 'ut
1161 1693 1246 1758 alibi.

255 1829 286 1872 v.
302 1802 497 1887 Ἐπίμηνον.
550 1809 615 1874 Sed
639 1832 669 1874 v.
688 1802 892 1900 Ἀγρεμόνα.
920 1815 954 1872 et
972 1808 1055 1872 sorte
1069 1802 1247 1899 Ἱεροποιοῖ

253 1923 306 1988 hic
323 1924 453 2011 speciali
469 1923 591 1989 ratione
609 1931 794 2004 sumuntur,
811 1931 850 1988 ut
865 1923 954 2010 apud
966 1915 1167 2010 Pollucem]

202 2027 316 2131 Ἰερός,

201 2143 304 2245 ‘lepte
321 2149 413 2232 ἀκτὴ,
432 2154 511 2219 Hes.
530 2155 571 2220 Ε.
590 2155 663 2240 803.

204 2261 336 2360 *Ἱερός
352 2262 457 2361 λόχος
475 2270 561 2335 Plut.
571 2269 614 2334 V.
633 2269 695 2333 668
710 2269 748 2334 F.

201 2377 413 2475 Ἱερῶβοτον,
430 2379 550 2451 κόννον.
576 2408 607 2451 v.
626 2377 860 2475 Κοννοφόρων.

198 2492 328 2567 Ἴεσθαι
343 2547 351 2565 .
367 2549 375 2566 .
388 2505 514 2592 χωρεῖν.

200 2608 332 2693 Ἰἐσθην
349 2617 389 2680 ΙΙ.
407 2609 450 2681 σ’.
468 2631 543 2702 501.

196 2723 303 2796 Ἵεται
323 2731 387 2795 Od.
405 2721 451 2813 β’.
468 2747 543 2818 327.
575 2728 641 2818 [ΑΙ.
658 2753 707 2796 ex.
726 2730 805 2795 Eur.
824 2723 914 2815 540.]

202 2837 322 2939 Ἱζᾶνει
341 2847 382 2912 ΙΙ.
400 2841 439 2912 κ’.
459 2867 511 2933 92.

196 2953 330 3054 Ἷζανον
348 2961 413 3026 Od.
431 2953 474 3027 ω’.
494 2963 567 3030 208.

196 3065 282 3167 Ἵζει
300 3076 340 3141 ΙΙ.
359 3070 395 3143 ν’.
410 3077 483 3145 281.

197 3181 288 3282 Ἶζεν
305 3191 344 3257 ΙΙ.
362 3184 409 3272 β’
427 3212 480 3278 53.

197 3295 288 3396 Ἴζεν
305 3305 345 3370 ΙΙ.
364 3299 408 3393 γ’.
425 3309 496 3375 162.

205 3399 292 3496 *Ἴη
311 3416 397 3486 Plut.
416 3421 466 3486 M.
485 3443 546 3509 293
561 3445 590 3487 c.

206 3533 226 3572 *
236 3527 367 3611 Ἰἧθεος.
406 3537 460 3601 An
476 3544 625 3623 corrupte
643 3559 702 3622 pro
718 3529 849 3613 ἤΐθεοςέ

204 3641 319 3724 Ἰηΐονς
335 3642 521 3727 καμάτους.
539 3648 630 3718 .ἶᾶοι
646 3701 655 3717 .
670 3701 679 3718 .
693 3647 810 3723 πόνους
828 3647 869 3716 Σ.
891 3667 963 3736 147.

197 3755 299 3840 Ἰηλα
318 3765 357 3830 ΙΙ.
375 3759 413 3830 ο’.
430 3786 480 3852 19.
533 3767 598 3832 Sed
613 3766 834 3854 interpretatio
851 3789 917 3832 non
935 3768 1080 3853 quadrat.

198 3871 311 3956 Ἴηλεν
328 3879 394 3945 Od.
413 3871 452 3946 θ’.
469 3897 546 3966 447.

203 3986 351 4069 Ἰηλενές.
377 3982 570 4084 ν.Ἴανθον.

202 4099 301 4181 Ἰήλω
319 4106 383 4173 Od.
401 4100 446 4189 β’.
464 4111 538 4196 316.

205 4213 300 4308 Ἰῄνῃ,
318 4213 456 4312 διαχέοι,
473 4218 627 4314 εὐφραίνῃ
645 4224 685 4288 ΙΙ.
702 4218 746 4325 [ν’.
764 4245 836 4312 119.
880 4306 887 4318 ι

202 4328 343 4412 Ἰότητι,
360 4343 450 4401 extra
466 4337 583 4417 locum,
602 4339 641 4402 Il.
659 4331 693 4403 ε’.
712 4341 785 4423 874.

205 4443 316 4542 Ἰητὴρ
335 4451 373 4516 ΙΙ.
391 4444 430 4516 δ’.
448 4469 519 4540 190.
