3200 5058
565 396 955 460 HESYCHIANA
1226 393 1290 459 163

292 566 344 630 Ex
363 565 409 631 Su
416 562 492 649 [id].
510 565 609 651 igitur
627 565 731 652 Hesy.
744 583 784 630 ex
798 565 900 650 Hesy.
916 557 1043 653 su[id].
1056 563 1286 629 emendandus.

441 692 499 786 [In
516 697 648 762 adversa
664 720 697 782 p.
716 719 805 782 seqq.
823 698 943 783 scripta
959 703 1037 761 sunt
1050 690 1079 785 ι]

292 815 344 878 Ite
368 814 506 880 Hecuba
533 810 622 899 apud
647 813 762 899 Eurip.
790 805 839 877 Σὺ
865 807 892 878 δ’
914 805 952 878 αὖ
976 809 1131 900 λαβοῦσα
1158 811 1287 902 τεῦχος,

291 923 415 1019 ἆρχαία
450 919 563 1020 λάτρι,
594 919 742 1014 Βάψασ’
767 924 877 1015 ένεγκε
906 921 997 1020 δεῦρο
1029 922 1165 997 ποντίας
1194 919 1285 996 ἁλός.

289 1043 341 1107 De
358 1043 535 1107 Artaxerxe
553 1043 639 1108 Plut.
656 1043 690 1107 in
710 1045 819 1129 Pelop.
837 1067 869 1129 p.
883 1047 948 1132 536
965 1037 1048 1133 [294
1058 1037 1113 1131 C.]
1130 1033 1190 1108 τδν
1208 1035 1311 1129 ‹rte-5

289 1158 396 1250 φονον
413 1152 449 1223 ὃν
465 1154 563 1223 πίνων
585 1154 766 1248 περιέκειτο
791 1151 916 1246 βάψας
941 1157 983 1230 είς
1008 1154 1108 1249 μύρον
1130 1152 1286 1222 ἀπέστει-

288 1275 357 1341 λεν.
411 1274 463 1338 lta
478 1275 642 1360 Theophr.
661 1275 758 1339 Char.
776 1276 816 1340 de
834 1276 1050 1362 Impudentia,
1067 1265 1191 1361 βάψας
1207 1267 1284 1364 οἰριί·

286 1413 410 1453 ταιναν.
462 1390 635 1476 Lyeophro
659 1381 839 1477 βάψαντες
864 1380 973 1475 γάνος,
997 1399 1029 1454 et
1051 1389 1166 1475 Eurip.
1185 1389 1283 1454 Herc.

289 1505 365 1568 Fur.
384 1498 531 1569 Μέλλων
552 1498 585 1571 δέ
607 1498 709 1571 δαλὸν
731 1500 816 1598 χειρί
841 1497 929 1593 δεξιᾷ
955 1498 1067 1598 φέρειν
1089 1502 1130 1576 είς
1155 1501 1283 1596 χέρνιβ’

286 1614 326 1689 ὡς
341 1610 488 1706 βάψειεν
503 1613 688 1698 Ἀλκμήνης
706 1617 813 1707 γάνος.
839 1621 966 1686 Arrian.
978 1622 1063 1688 Eux.
1076 1620 1193 1708 Peripl.
1207 1640 1239 1709 5,
1252 1625 1282 1688 8.
1296 1647 1331 1686 10

292 1731 339 1821 [p.
355 1737 385 1802 8.
403 1736 454 1801 ed.
468 1737 534 1802 Ox.
552 1729 637 1802 κατά
654 1731 712 1814 μέν
728 1738 790 1802 τοῦ
806 1731 1014 1828 ἐπιρρέοντος
1031 1728 1227 1824 βάψαντα]

236 1841 366 1940 Βδαλοὶ
385 1846 542 1938 (suprasc.
561 1847 724 1939 Βδέλλαι)
752 1901 761 1918 .
780 1901 788 1918 .
815 1845 1020 1945 κροσσιίδεις.
1051 1854 1091 1918 L.
1108 1847 1282 1943 κιρσιίδεις,

284 1969 442 2032 αανίοοια.
471 1967 544 2032 Gal.
567 1969 646 2034 Lex.
674 1961 823 2033 Βδέλλω.
850 1963 882 2031 έν
903 1967 952 2054 τῷ
974 1960 1097 2061 μείζονι
1125 1961 1282 2059 Προρρη·

284 2081 378 2166 τικῷ,
402 2077 454 2147 καί
480 2075 616 2175 δευτέρῳ
646 2079 730 2174 πρός
754 2109 849 2149 τινων
868 2079 1126 2174 ἐπιγραφομένῳ
1156 2078 1209 2168 (ut
1236 2084 1282 2147 le-

194 2226 198 2236 =
285 2197 428 2280 gendum
456 2198 583 2262 monuit
605 2197 752 2286 Foesius)
778 2194 838 2275 τήν
862 2191 1002 2291 κιρσιίδη
1030 2194 1149 2290 φλέβα
1177 2192 1305 2289 φησὶνι
1310 2221 1327 2284 5

284 2302 383 2382 οὕτως
399 2304 588 2389 ὠνομάσθαι
606 2307 847 2406 Διοσκουρίδης.

235 2419 457 2495 Βδέλλεσθαι.
475 2453 506 2495 v.
525 2422 788 2506 Βδελιίσσεσθαι,
806 2438 839 2495 et
854 2423 1005 2511 βδέλλων
1022 2436 1055 2492 et
1071 2421 1262 2495 Βδένεσθαι.

236 2535 451 2630 Βδελνγμίαι.
469 2567 499 2610 v.
517 2539 555 2609 Ν
556 2540 713 2617 ανσίασις.
728 2615 731 2624 ,

235 2651 395 2754 Βδελιίζη.
411 2655 459 2726 ίσ.
478 2656 591 2742 λνκτή,
608 2662 660 2726 vel
674 2661 766 2753 λυρή.

234 2767 425 2842 Βδένεσθαι.
444 2769 577 2868 su[id].
595 2770 806 2843 Βδέννυσθαι.
1288 2808 1328 2848 20

234 2884 401 2973 Βεβιίασι.
427 2889 604 2975 βεβήκασι.
630 2902 725 2958 recte.
751 2893 820 2956 fien'
845 2901 953 2958 tamen
979 2901 1086 2978 potest
1111 2902 1149 2957 ut
1174 2895 1277 2980 Hesy.

282 3010 445 3094 scripserit
476 3005 745 3100 παραβεβήκασι,
772 3013 1009 3091 preterierunt.
1070 3009 1146 3076 Sine
1179 3011 1278 3076 dubio

280 3125 388 3210 glossa
404 3132 454 3188 est
469 3123 555 3187 illius
568 3123 731 3188 Homerici
742 3125 782 3189 Il.
795 3118 842 3206 β.
855 3144 927 3211 134.
941 3118 1059 3189 Ἐννέα
1073 3118 1110 3200 δή
1127 3117 1276 3206 βεβάασι

281 3232 362 3309 Διὸς
393 3231 544 3327 μεγάλου
570 3234 719 3306 ε’νιαντοί.
754 3242 795 3304 ad
821 3263 918 3325 quem
944 3241 1051 3305 locum
1077 3241 1184 3305 Schol.
1212 3249 1275 3306 vet.

281 3345 447 3435 Βεβάασι,
466 3351 735 3446 παραβεβήκασι,
752 3350 1012 3446 παρεληλύθασι.
1268 3387 1321 3446 .²5

232 3458 399 3548 Βεβακιίς.
416 3491 447 3533 v.
466 3462 615 3551 Βιβαιίς.

229 3573 454 3664 Βεβαιιίσεως.
470 3585 493 3649 l.
512 3631 520 3648 .
539 3633 547 3649 .
567 3633 574 3649 .
591 3579 807 3661 ὠνησαμένων.
827 3587 931 3670 Harp.
949 3578 1172 3666 Βιβαιάσεως,
1190 3577 1274 3661 δίκης

278 3691 381 3776 ὄνομά
399 3695 490 3766 ἐστιν
505 3692 542 3778 ήν
559 3690 744 3793 δικάζονται
763 3698 795 3764 οἱ
810 3692 1010 3778 ὠνησάμενοί
1024 3723 1059 3765 τι
1081 3700 1131 3784 τῷ
1147 3703 1274 3764 πωλον-

277 3809 371 3898 μένῳ.
397 3815 464 3879 Jul.
484 3815 564 3880 Poll.
578 3815 676 3881 VIII.
703 3839 730 3880 e.
750 3818 780 3880 6.
803 3814 821 3892 ἡ
842 3812 1049 3898 βεβαιώσεως
1071 3807 1150 3894 δίκη,
1168 3810 1274 3881 ὁπότε

277 3953 329 3998 τις
355 3921 531 4020 πριάμενος
557 3925 658 3995 οίκίαν
679 3924 697 4006 ’ή
720 3927 841 4022 χωρίον
865 3925 1162 4022 άμφισβητοῦντός
1185 3957 1273 4002 τινος
1280 3961 1321 4019 30

277 4034 392 4130 ἀνάγει
422 4041 465 4116 είς
492 4036 553 4110 τδν
583 4049 749 4137 πρατῆρα.
801 4047 924 4110 Eadem
954 4068 1051 4132 opere
1079 4057 1112 4110 et
1140 4043 1271 4136 su[id].

277 4167 313 4223 et
328 4160 431 4245 Hesp.
448 4160 667 4225 emendamus.
707 4160 805 4226 Salm.
823 4162 863 4224 de
881 4161 983 4225 Modo
1001 4161 1100 4226 Usur.
1126 4183 1160 4246 p.
1173 4164 1246 4245 728.
1324 4141 1327 4148 ¹

227 4267 411 4356 Βέβακται,
429 4269 563 4366 είρηται.
590 4277 699 4340 Recte.
740 4277 835 4340 Forte
852 4283 960 4340 autem
977 4276 1105 4363 scripsit
1121 4269 1273 4368 πεφλνά-

275 4414 385 4481 ρηται.
409 4391 460 4454 lta
477 4389 584 4455 Schol.
603 4391 702 4455 Hom.
720 4391 785 4456 Od.
804 4385 845 4456 0‘.
862 4393 938 4471 408.

289 4535 291 4542 ι
718 4511 741 4552 Y
761 4511 779 4557 2
