3200 5058
567 379 961 443 HESYCHIANA.
1226 383 1289 451 149

246 543 395 624 Βαλλήν.
422 549 462 612 L.
479 543 605 625 Βαλῆν,
623 557 661 612 ut
683 549 848 633 sequentia
869 549 1045 634 postulant.
1098 549 1215 615 Glossa
1240 558 1289 616 est

294 663 380 726 enim
397 663 482 726 illius
499 664 586 748 apud
603 664 796 748 AEsohylum
821 663 883 727 loci
897 664 934 731 in
953 664 1069 740 Persis,
1086 663 1143 728 ubi
1161 664 1288 728 Chorus

294 779 421 843 invocat
433 779 523 842 Darii
541 801 651 843 manes
668 779 719 843 his
736 779 861 844 verbis:
880 773 996 856 Βαλὴν
1013 775 1151 870 ἀρχαῖος
1168 775 1286 861 βαλῆν,

286 889 368 973 Ἴθι,
389 891 469 972 ἵκου,
494 891 577 962 ἔλθ’.
628 897 728 981 Apud
752 895 913 958 Plutarch.
941 897 980 960 de
1005 897 1110 961 Flum.
1139 897 1288 960 scribitur

293 1005 442 1088 Βαλλλν,
461 1021 493 1076 et
510 1007 729 1088 Βαλληναΐον,
747 1019 785 1075 ut
806 1033 894 1075 nunc
917 1011 1046 1095 quidem
1072 1019 1169 1077 extat.
1221 1011 1312 1080 Seds

293 1127 383 1190 aliter
412 1128 488 1192 olim
517 1129 613 1192 Eust.
644 1128 721 1212 legit
751 1127 790 1190 Il.
815 1121 858 1214 γ’.
881 1129 957 1213 381.
991 1120 1165 1216 Αἰσχύλος
1199 1120 1284 1216 φησὶ

292 1239 421 1324 βαλῆνα
451 1236 511 1308 τὸν
538 1238 685 1325 βασιλέα
717 1239 749 1307 έν
776 1244 824 1328 τῷ
853 1237 968 1319 Βαλὴν
998 1238 1135 1333 ἀρχαῖος
1165 1239 1283 1324 βαλήν.

293 1355 448 1444 γλώσσης
471 1352 505 1423 δὲ
525 1359 638 1424 τοῦτο·
665 1351 704 1446 ἐξ
722 1349 760 1425 οὖ
780 1354 831 1423 καὶ
858 1355 933 1450 ὅρος
956 1353 1145 1434 Βαλιναῖον,
1168 1352 1189 1422 ὅ
1210 1353 1283 1422 ἐστι

292 1467 479 1556 βασιλικὸν,
514 1468 604 1566 παρὰ
640 1467 857 1565 Πλουτάρχῳ
895 1471 927 1539 ἐν
960 1475 1008 1560 τῷ
1044 1468 1130 1565 Περὶ
1166 1469 1284 1539 Ποτα-

290 1591 367 1667 μῶν.
420 1589 557 1674 Hu[n]o
584 1591 690 1655 locum
716 1590 879 1654 Eustathii
906 1613 925 1654 a
953 1590 1003 1654 Cl.
1022 1591 1120 1656 Salm.
1144 1591 1203 1654 sibi
1225 1612 1284 1654 no·
1299 1619 1332 1656 ιο

290 1707 449 1770 minatum
480 1705 622 1770 invenire
652 1729 717 1770 non
746 1705 854 1791 potuit
884 1705 1087 1782 Maussaous,¹
1122 1702 1178 1791 [ad
1208 1705 1283 1768 Plu-

290 1823 391 1886 tarch.
425 1825 464 1888 de
499 1824 604 1888 Flum.
637 1846 670 1908 p.
696 1820 781 1904 161.]
821 1820 966 1906 quamvis
992 1821 1178 1884 admodum
1212 1821 1284 1884 dili-

290 1946 401 2022 genter
422 1938 563 2024 integros
586 1939 749 2023 Eustathii
770 1936 1014 2002 commentarios
1031 1937 1065 2000 in
1084 1937 1122 2002 Il.
1140 1930 1188 2018 β’.
1211 1933 1284 2020 ρον-

290 2055 501 2119 volutaverit:
529 2077 632 2139 neque
650 2054 789 2129 mirum;
817 2075 893 2117 cum
911 2075 977 2117 non
995 2053 1036 2116 ad
1055 2052 1189 2117 Homeri
1207 2053 1284 2116 Boe·

290 2170 397 2250 otiam,
414 2180 453 2234 ut
473 2171 628 2235 indicarat
650 2170 748 2234 Salm.
775 2170 832 2232 sed
854 2169 953 2254 3tiam
971 2168 1073 2232 Iliada
1093 2169 1163 2231 haec
1184 2165 1281 2252 perti-
1295 2187 1328 2245 15

290 2293 397 2361 noant,
415 2309 488 2370 quae
513 2310 580 2350 non
598 2309 635 2351 eo
652 2295 779 2350 tantum
805 2286 886 2364 loco,
908 2287 965 2350 sed
986 2307 1097 2348 rursus
1120 2283 1215 2348 etiam
1240 2283 1281 2347 ad

290 2402 355 2468 Od.
372 2395 414 2468 τ’.
441 2412 646 2468 annotantur.
699 2402 805 2467 Schol.
822 2401 970 2486 AEschyli
993 2402 1087 2466 Euat.
1109 2399 1280 2464 consentit.

289 2513 404 2596 Βαλὴν
421 2515 439 2583 ὁ
457 2513 613 2601 βασιλεὺς
630 2515 779 2606 λέγεται.
798 2511 977 2608 Εὐφορίων
991 2510 1025 2582 δέ
1039 2516 1123 2608 φησι
1138 2510 1282 2606 Θουρίων

289 2627 365 2700 εἶναι
386 2630 451 2712 τὴν
474 2626 653 2700 διάλεκτον·
677 2630 750 2700 ὅθεν
776 2627 828 2697 καὶ
851 2626 1038 2710 Βαληναΐον
1055 2627 1182 2724 ὄρος,ὅ
1206 2627 1280 2696 ἐστι

288 2745 475 2830 βασιλικόν.
527 2752 626 2819 Quod
650 2760 758 2816 autem
779 2750 968 2836 Euphorion
985 2750 1181 2814 Thuriorum
1202 2749 1281 2812 Dia·
1292 2773 1328 2811 20

287 2867 406 2930 lectum
432 2867 531 2932 fuisse
557 2868 637 2945 vult,
668 2891 734 2932 non
763 2869 890 2952 placet:
923 2866 1031 2952 potius
1061 2875 1145 2930 recto
1172 2872 1282 2930 noster

289 2983 471 3068 Phrygibus
498 2984 621 3048 tribuit.
686 2983 786 3048 Mons
814 2983 900 3047 enim
928 2982 980 3046 ille
1009 2983 1160 3046 Balaenus
1185 2980 1281 3066 juxta

163 3135 164 3138 =
289 3095 432 3182 Sagarim
450 3097 584 3162 fluvium
603 3097 751 3183 Phrygiae
771 3098 851 3162 situs
869 3106 928 3174 est,
947 3098 1004 3161 ubi
1021 3107 1054 3162 et
1070 3097 1151 3182 lapis
1177 3097 1281 3160 nasci-

287 3223 349 3288 tur,
361 3213 417 3297 qui
431 3212 654 3298 indigenarum
668 3215 802 3279 dialecto
817 3209 930 3290 Βαλῆν
942 3223 1085 3292 vocatur,
1099 3221 1181 3278 teste
1196 3213 1281 3278 Her-

180 3327 185 3336 '
288 3329 480 3393 mesianaote
494 3329 615 3414 Cyprio
627 3332 747 3394 Rerum
761 3330 973 3416 Phrygiarum
985 3330 1044 3398 La.
1059 3330 1144 3392 Plut.
1157 3329 1196 3392 de
1208 3329 1279 3391 Flu.
1290 3350 1326 3410 25

293 3443 335 3532 [o.
352 3441 416 3530 rm]
448 3439 729 3536 Προσηγορεύετο
747 3438 780 3510 δὲ
796 3446 839 3534 τῇ
858 3438 1016 3529 διαλέκτῳ
1032 3444 1098 3508 τῶν
1114 3439 1280 3533 ἐγχωρίων

287 3555 412 3637 Βαλῆν,
439 3555 520 3651 ὅπερ
547 3555 854 3650 μεθερμηνευόμενόν
882 3556 955 3625 ἐστι
985 3551 1150 3640 βασιλεὺς,
1177 3552 1280 3626 καθὼς

287 3675 416 3769 ἱστορεῖ
432 3669 698 3769 Ἑρμησιάναξὸ
717 3671 865 3768 Κύπριος
883 3672 914 3740 ἐν
931 3669 967 3758 β’
987 3669 1187 3766 Φρυγιακῶν.
1235 3674 1280 3737 Et

287 3794 405 3858 Sextus
423 3793 606 3879 Empirious
632 3794 706 3858 adv.
725 3793 884 3856 Mathem.
907 3792 928 3855 l.
945 3813 972 3855 1.
995 3814 1024 3856 c.
1045 3811 1095 3877 13.
1118 3787 1166 3876 [p.
1186 3785 1274 3874 286.]

287 3907 364 3976 οὔτε
382 3903 449 4001 γὰρ
467 3907 501 3974 ἐκ
517 3905 633 4000 τέχνης
649 3900 736 3979 τινὸς
753 3906 957 3984 μεμαθήκασι
981 3905 1034 3971 ὅτι
1059 3903 1091 3970 οἱ
1115 3898 1206 3996 παρὰ
1231 3905 1328 3990 τῷ3ο

288 4023 463 4119 Σοφοκλεῖ
490 4023 637 4104 ποιμένες
667 4021 702 4090 iai
732 4019 864 4108 βολλὴν
890 4019 1048 4111 λέγοντες
1076 4017 1111 4088 iai
1139 4019 1281 4104 βασιλεῦ

286 4137 424 4229 λέγουσι
442 4136 622 4233 Φρυγιστὶ,
639 4134 730 4206 ἀλλὰ
748 4137 824 4231 παρ’
844 4132 955 4204 ἄλλων
973 4134 1177 4208 ἀκούσαντες.
1212 4139 1281 4201 Aut

286 4256 383 4341 igitur
408 4279 446 4320 ex
475 4256 589 4320 Graeca
615 4277 691 4319 voce
720 4260 882 4317 contracta
908 4247 1017 4332 βαλὴν
1044 4273 1102 4336 pro
1126 4244 1279 4330 βασιλῆν,

286 4380 342 4436 aut
359 4395 397 4437 ex
416 4372 502 4437 Heb.
520 4361 610 4453 592.
