3200 5058
227 329 238 352 ⁰
308 368 371 434 ns
653 365 1008 428 Anvnnsnnm

308 535 328 574 *
340 529 494 600 Βλέννον.
519 556 550 598 v.
568 526 704 604 Ἰθίτας.

308 642 441 720 Βλεσδς
457 650 508 716 vel
525 641 681 720 Βλεσσδς
698 657 736 713 ut
754 650 856 736 Hipp.

308 760 429 842 Βλῆθα
445 815 453 832 .
469 815 476 830 .
492 815 500 832 .
515 764 610 857 θρυμ.
630 767 676 831 Η.
691 766 738 831 St.
762 774 858 831 recte.
909 767 955 831 At
976 768 1065 852 apud
1085 767 1282 830 Athenaeum
1308 785 1353 831 sc.

358 877 480 960 Βλῆμα
498 883 520 949 l.
534 904 565 969 3.
583 904 616 967 p.
631 903 702 966 114.
721 877 844 960 Βλῆμα
868 875 903 947 δέ
926 882 1010 972 φησι
1035 881 1206 948 καλεῖσθαι
1228 875 1289 947 τδν
1306 877 1354 946 ε’ν-

357 989 577 1084 τεθρυμμένον
594 986 698 1080 ἄρτον
714 990 766 1059 καί
786 988 905 1085 θερμὸν
923 990 1091 1066 Σελευκος.
1363 1011 1380 1068 5

309 1105 476 1203 Βληθρῆν.
527 1112 573 1175 At
597 1103 752 1202 βλωθράν
776 1112 882 1176 Schol.
906 1113 1045 1177 Nicand.
1068 1112 1201 1198 exponit
1221 1107 1353 1188 ἀταλῆν

357 1250 391 1312 p.
404 1244 447 1312 52
461 1227 492 1292 b.
512 1235 544 1292 et
560 1234 693 1291 notante
711 1229 806 1291 Eust.
830 1225 876 1314 [p.
892 1249 966 1314 939,
980 1249 1001 1314 5
1022 1255 1054 1283 =
1067 1249 1140 1314 912,
1155 1224 1209 1313 27]
1227 1221 1353 1318 Ἀρκά-

359 1336 408 1413 δες
441 1339 597 1434 βλωθρὴν
626 1338 685 1420 τῆν
714 1338 846 1420 ἀταλῆν
875 1339 1025 1430 λέγουσι,
1058 1355 1090 1409 et
1118 1346 1230 1409 eodem
1260 1353 1352 1422 teste,

360 1454 542 1548 Δρύο[πες]
559 1456 619 1537 τῆν
635 1465 805 1552 τραχεῖαν.

309 1569 582 1666 Βλῆρ...ταρά
1365 1612 1402 1650 ιο

308 1686 509 1767 Βλῆσσανον
523 1741 531 1757 .
547 1741 554 1756 .
569 1687 693 1782 σχοίνῳ
712 1694 756 1756 Η.
772 1693 821 1757 St.

308 1803 483 1884 Βλῆσσαν.

310 1918 477 1998 Βλῆσθαι.
514 1923 553 1985 L.
572 1917 752 2000 Βληθῆναι.
779 1947 894 2011 nempe
921 1949 979 2011 per
1004 1921 1182 2018 ἀφαίρεσιν
1209 1949 1267 2012 pro
1296 1923 1353 2006 βε-

358 2036 520 2120 βλῆσθαι.
548 2041 587 2104 ΙΙ.
605 2033 644 2105 δ.
661 2059 732 2126 115.
760 2036 849 2131 Πρὶν
870 2041 1019 2124 βλῆσθαι
1040 2038 1213 2108 Μενέλαον
1230 2039 1352 2134 ἀρήϊον.

360 2156 466 2221 Schol.
485 2151 653 2237 Βλῆσθαι,
670 2155 844 2240 βληθῆναι.
1365 2170 1402 2236 15

309 2268 562 2363 Βληστρισμύς.
588 2268 779 2365 ριττασμδς
804 2271 856 2340 καί
883 2268 971 2346 ἀλυς.
1010 2277 1090 2361 Leg.
1110 2269 1353 2367 Βληστρισμάν

358 2398 448 2476 patet
465 2414 504 2455 ex
516 2391 673 2478 Hippocr.
691 2393 747 2476 qui
764 2393 914 2478 Epidem.
932 2394 954 2456 l.
970 2415 997 2457 1.
1017 2393 1162 2457 Silenum
1179 2394 1266 2457 febre
1284 2415 1355 2457 cor-

359 2515 488 2592 reptum
506 2508 550 2572 ita
567 2509 719 2573 describit
736 2505 785 2598 [p.
797 2526 860 2595 970
872 2504 929 2598 A.]
947 2501 1044 2601 ἀκρεα
1059 2501 1192 2599 ψυχρὰ,
1207 2501 1352 2584 τελιδνά,

358 2618 461 2694 πολύς
482 2621 727 2715 βληστρισμός.
779 2627 818 2690 L.
837 2627 902 2690 III.
924 2623 974 2716 [p.
990 2629 1072 2710 1076
1088 2623 1148 2712 H.]
1171 2627 1354 2690 adolescen-

359 2750 435 2816 tem,
455 2731 611 2827 διψώδης,
628 2736 761 2819 ἀσώδης,
780 2736 900 2812 πουλὺς
921 2737 1166 2833 βληστρισμός.
1184 2751 1217 2807 et
1242 2765 1353 2807 rursus
1365 2741 1404 2797 ἑο

364 2852 414 2946 [p.
430 2859 512 2920 1080
526 2853 585 2942 Ε.]
601 2851 739 2947 πυρετὸς
753 2850 835 2946 ὀξὺς,
851 2851 939 2945 δίψα
953 2854 1093 2937 τουλλῆ,
1106 2854 1352 2951 βληστρισμός.

361 2973 469 3057 Atque
486 2974 531 3037 ita
547 2974 622 3038 alibi
639 2977 679 3040 de
696 2976 961 3042 febricitantibus.
1010 2977 1072 3040 Est
1088 2984 1195 3040 autem
1213 2976 1354 3062 eorporis

355 3090 497 3175 jactatio,
518 3091 717 3176 inquietudo,
735 3093 928 3158 conflictatio
951 3103 984 3157 et
1004 3093 1191 3156 inconstans
1213 3093 1354 3178 agitatio,

362 3207 453 3270 Idem
471 3214 521 3271 est
537 3207 623 3270 enim
639 3199 858 3301 βληστρίζειν
875 3210 963 3293 quod
978 3203 1106 3294 ῥίπτειν
1124 3217 1156 3273 et
1171 3199 1353 3301 ῥιττάζαν.

363 3322 453 3386 Idem
472 3344 491 3408 3
510 3323 549 3386 de
567 3324 687 3388 morbis
711 3325 757 3411 [p.
767 3326 844 3410 489,
854 3321 912 3410 40]
935 3320 1010 3389 ἀλλ’
1030 3319 1090 3390 <tte
1107 3320 1253 3415 ἀπορέων
1270 3322 1354 3406 βλη-
1366 3337 1403 3395 25

361 3428 491 3530 στρίζει
509 3432 635 3516 ἑαυτὸν,
648 3441 736 3525 quod
748 3449 781 3504 et
793 3436 900 3506 ἀλύειν
913 3450 945 3505 et
958 3433 1086 3534 ἀλύζειν
1103 3441 1218 3505 medici
1231 3441 1353 3506 dicunt.

363 3556 435 3620 Gal.
453 3547 575 3648 ἀλύζει,
592 3551 720 3647 ἀπορεῖ,
737 3549 947 3651 ῥιπτάζεται.
968 3557 1069 3644 Hipp.
1087 3558 1108 3620 l.
1124 3578 1153 3624 2.
1178 3559 1218 3622 de
1236 3557 1355 3622 morbis

367 3671 413 3755 [p.
426 3673 501 3755 467,
518 3671 571 3756 27]
594 3667 646 3735 καί
663 3667 751 3736 ἀλύει
776 3668 827 3736 καὶ
850 3664 1004 3765 ῥιπτάζει
1023 3665 1119 3743 αύτάς
1145 3665 1261 3736 ἑωυτὸν
1287 3664 1354 3736 ἀπὸ

361 3788 418 3861 τῆς
444 3779 559 3861 ὀδύνης.
614 3788 702 3854 Quid
728 3795 835 3852 autem
862 3790 903 3854 sit
929 3784 1035 3855 ἀλύειν
1051 3791 1144 3868 docet
1163 3790 1305 3854 Galenus
1325 3806 1354 3873 7.

363 3900 545 3967 Comment.
573 3903 605 3965 in
636 3904 761 3988 Aphor.
791 3905 857 3969 τῶν
887 3900 1065 3970 νοσούντων
1092 3901 1222 3976 ἐκείνους
1249 3901 1406 3979 ἀλύειν30

362 4008 468 4105 φασίν
486 4008 559 4078 ὅσοι
582 4010 627 4092 μῆ
646 4010 805 4106 φέροντες
820 4012 880 4092 τῆν
896 4010 1090 4083 κατάκλισιν
1107 4011 1354 4106 ἐξαλλάττουσι

361 4122 405 4193 τά
436 4129 596 4221 σχήματα
627 4123 678 4196 διὰ
708 4124 750 4196 τδ
781 4125 950 4224 δύσφορον
980 4129 1028 4198 ἀεὶ
1058 4127 1101 4200 τὸ
1131 4125 1238 4224 παρδν
1267 4127 1355 4198 εἶναι.

364 4247 445 4310 Haec
478 4256 587 4310 autem
621 4248 750 4312 habitus
782 4250 932 4333 frequens
966 4251 1101 4314 mutatio
1131 4275 1218 4315 nunc
1246 4247 1356 4329 ἀλύκη,

362 4385 449 4427 nunc
479 4357 637 4443 ἀλυσμάς,
667 4387 754 4429 nunc
784 4358 862 4436 ἀλυς
891 4367 1018 4430 dicitur.
1055 4362 1212 4453 (suprasc.
1244 4361 1355 4454 ἄλυξις

365 4502 453 4544 nunc
470 4474 591 4569 ἀλυχῆ)
614 4475 817 4546 ἐπίστασθαι
843 4477 907 4572 χρῆ
933 4483 1078 4574 πρῶτον,
1103 4479 1157 4549 ὅτι
1182 4479 1355 4574 τροσηγό-
1367 4509 1404 4565 35
