3140 5054
291 386 323 448 vi
656 383 1024 447 PRAEFATIO.

343 581 377 651 3.
403 554 670 628 Emendatianes
693 555 732 626 in
749 552 963 650 Hesyalcimm
989 549 1071 624 leina
1096 548 1177 620 inde
1197 547 1318 644 petitae
1333 556 1395 618 out

382 669 539 766 fortuito
569 679 662 742 natce
692 671 745 767 [v.
770 695 805 764 p.
830 678 904 760 782.
960 665 1100 740 Herum
1134 663 1320 736 nonnullas
1350 663 1395 733 ab
1450 693 1454 700 ·

392 787 469 858 aliis
487 796 676 880 occupatas
694 788 805 870 omisi,
823 787 942 858 nescio
959 807 1004 856 en
1022 779 1150 874 recte]

342 957 377 1025 4.
403 933 513 1030 Hesp.
532 936 649 1006 canios
668 933 810 1008 Glossas
828 933 1062 1029 amplectitur
1081 933 1134 1029 [v.
1153 955 1188 1024 p.
1210 927 1303 1022 763]

344 1103 376 1178 5.
403 1082 543 1154 Indices
559 1083 710 1180 Hesycl.
728 1084 837 1157 Forte
857 1082 1064 1156 Eustotlius
1090 1078 1258 1180 intellenit
1280 1076 1396 1171 Hesu-

393 1199 517 1285 elium,
530 1225 597 1296 pen
613 1201 726 1299 ἔτερόν
743 1233 817 1273 τινα
835 1227 869 1296 p.
889 1210 962 1294 823,
983 1222 1034 1289 27.

445 1359 473 1404 1.
491 1331 607 1404 Indae
623 1332 826 1408 Histanlcus
846 1336 899 1431 [p.
919 1330 1011 1426 843.]

445 1491 474 1538 7.
501 1509 601 1523 -
620 1463 784 1538 Deorum
805 1469 857 1563 [p.
876 1463 969 1558 828.]

442 1624 474 1689 3·
499 1638 600 1650 --
618 1597 877 1696 Geopaaplcicus
897 1601 949 1696 [p.
969 1595 1061 1690 843.]

441 1756 472 1816 4.
499 1773 600 1786 --
615 1727 885 1802 Prooerliocnm
907 1730 959 1826 [p.
980 1727 1073 1820 829.]

442 1881 474 1950 5.
502 1858 627 1949 Quales
633 1859 777 1956 suerint
789 1860 914 1959 plossoe
930 1869 1078 1932 aetenum
1099 1858 1151 1952 [p.
1167 1853 1261 1946 877]

445 1999 476 2060 6.
504 1989 659 2064 Nomina
696 1993 933 2091 plassemotica
976 2015 1121 2087 quonum
1159 1984 1282 2082 papuli
1327 2007 1397 2054 non

543 2109 768 2180 nominantur
790 2113 838 2203 [p.
853 2110 942 2200 877]

445 2260 476 2328 7.
503 2236 619 2310 Indea
636 2225 902 2336 Scalptuaacim
924 2245 972 2334 [p.
987 2240 1076 2332 833]

445 2377 475 2440 s.
498 2369 701 2453 ’71777877
725 2379 773 2467 [p.
788 2378 876 2463 840.]

445 2529 475 2592 9.
511 2499 630 2574 Venice
646 2502 825 2594 Lectiones
847 2511 895 2600 [p.
911 2514 929 2576 8
931 2507 999 2598 53.]

422 2661 472 2704 10.
498 2633 615 2706 Inleu
630 2659 748 2709 uocum
764 2636 1101 2721 Glossematicaanm,
1117 2635 1300 2708 secundum
1314 2657 1398 2731 pen-

408 2771 410 2774 ·
543 2760 591 2822 tes
608 2762 640 2824 et
657 2754 809 2826 civitates
830 2752 1004 2850 Hesychia
1020 2754 1216 2825 nominatas
1235 2753 1286 2847 [p.
1303 2746 1396 2840 811.]

423 2908 472 2952 11.
504 2881 673 2956 Vocabula
690 2885 732 2958 ab
744 2885 921 2983 Hesyclio
938 2886 1047 2959 alitae
1062 2883 1233 2982 suplicata
1251 2883 1300 2978 [p.
1310 2881 1395 2973 789]

423 3043 471 3090 12.
495 3015 612 3090 Inden
632 3019 870 3092 uocabulorum
895 3044 974 3116 quae
990 3019 1097 3091 obiter
1114 3029 1146 3090 et
1163 3027 1263 3089 eutca
1280 3013 1400 3110 alpia-

542 3133 609 3206 beti
625 3134 782 3208 omlinem
800 3136 841 3207 ab
857 3134 1036 3232 Hesychia
1053 3132 1281 3229 implicantur.

483 3267 636 3358 [Eadem
653 3270 726 3339 fere
743 3270 822 3340 haeo
840 3277 923 3339 sunt
940 3292 1022 3339 cum
1040 3269 1082 3338 iis
1100 3291 1177 3360 quae
1194 3265 1231 3335 in
1248 3263 1398 3336 articulo

528 3385 690 3476 proxime
707 3385 932 3456 antecedenti
949 3383 1203 3472 continentum]

344 3558 378 3628 6.
400 3553 447 3627 In
464 3553 679 3654 Hespclinm
702 3561 748 3653 [p.
770 3560 859 3649 777]

345 3741 378 3816 7.
403 3717 452 3790 In
467 3718 680 3816 Hesychium
700 3745 744 3792 en
764 3719 887 3791 Teetue
904 3721 944 3790 in
961 3717 1156 3791 Hesiodum
1178 3725 1226 3811 [p.
1242 3721 1329 3809 779.]
1364 3653 1398 3698 Μ’

346 3887 379 3958 8·
406 3882 568 3980 apolon.
592 3891 640 3978 [o
655 3889 742 3978 777]

345 4077 378 4147 9.
405 4050 588 4122 Emendat.
607 4052 645 4121 in
666 4050 803 4123 Tuetuis
820 4051 934 4125 Soloi.
953 4055 991 4124 in
1008 4052 1182 4149 Lycopln.
1206 4055 1253 4146 [p.
1269 4051 1358 4141 780.]

350 4239 405 4286 10.
433 4213 632 4309 Hesychius
662 4212 852 4310 amplicatus
875 4240 919 4287 en
936 4215 1109 4312 Lycopln.
1134 4227 1166 4289 et
1192 4219 1262 4312 ejus
1283 4216 1399 4290 Sclol.

469 4326 519 4400 Is.
539 4328 662 4400 Tectae
684 4333 732 4423 [p.
748 4333 837 4422 780.]
