3140 5054
649 378 1003 440 ADVERSARIA

352 544 521 632 temporis)
544 545 578 608 in
605 545 699 608 Caria
726 545 883 611 meminit.
935 547 1125 610 Notandum
1150 547 1203 610 hie
1225 555 1348 611 veteres

352 663 572 728 difficultatem
589 661 850 725 animadvertisse
863 663 1025 746 quomodo
1039 661 1159 726 Priami
1172 645 1347 726 Ιι’ττοστιί-

352 806 409 844 σια
436 779 522 842 salva
548 799 617 841 esse
643 784 793 862 poterant
808 778 929 863 Abydi,
947 801 1022 842 eum
1040 778 1197 842 exercitus
1216 778 1347 843 Graeco-

351 918 423 959 rum
448 894 556 959 omnia
580 915 618 956 ea
642 893 712 956 loca
736 903 916 977 occuparet.
971 894 1069 972 Hinc,
1095 894 1218 979 opinor,
1245 895 1344 978 aliqui

350 1010 505 1095 Abydum
521 1008 556 1071 in
574 1007 668 1100 Caria
683 1008 857 1072 finxerunt.
908 1009 970 1072 Vel
994 1010 1064 1072 haec
1089 1010 1186 1073 verb'a
1211 1032 1276 1073 non
1302 1010 1371 1080 ads

350 1127 434 1190 hauc
460 1147 571 1189 vocem
596 1123 768 1208 pertinent,
793 1123 849 1186 sed
874 1123 915 1186 ad
938 1116 1170 1203 Ἀβυδοκόμας
1195 1117 1250 1206 (ex
1272 1124 1346 1188 Ari-

351 1243 459 1327 stoph.
475 1240 597 1304 Zenob.
614 1237 724 1327 Eust.)
749 1248 786 1302 ut
810 1240 922 1324 Steph.
950 1237 983 1304 οἱ
1004 1233 1038 1304 δὲ
1060 1235 1120 1316 τὴν
1146 1236 1177 1304 ἐν
1201 1235 1346 1324 Μιλήτῳ

239 1382 242 1388 ’
343 1351 497 1439 ’Ἄβυδον
523 1353 682 1432 οἰκοῦντες
711 1345 934 1436 διεβάλλοντο
961 1350 1014 1419 ε’τί
1042 1351 1263 1441 σνκοφαντείᾳ
1293 1352 1345 1421 καί
1477 1429 1481 1436 ,

350 1467 505 1556 μαλακίᾳ.

300 1580 446 1668 Ἀβυδὸν
463 1587 508 1650 ita
524 1594 673 1670 corrupte
691 1585 850 1650 scribitur.
874 1586 1004 1671 Anony.
1023 1579 1343 1671 saepim’Assvooov.
1356 1617 1393 1654 10

292 1695 473 1783 Ἀβνσσος
488 1751 495 1766 .
510 1749 538 1766 ..
554 1697 695 1791 ,ἔχοντα
713 1702 763 1766 vel
779 1697 871 1791 ἔχων.
896 1701 943 1785 [in
961 1701 1000 1764 al.
1019 1701 1084 1783 ex.]
1107 1703 1221 1766 AEsch.
1241 1723 1314 1788 340.

300 1821 320 1866 *
334 1811 561 1907 Ἀβιίρβηλον.
587 1839 617 1880 ν.
635 1809 853 1906 Ἀβὲρβηλον
867 1864 875 1880 .
889 1864 897 1880 .
910 1865 917 1880 .
932 1811 1161 1906 ἀναίσχυντον.

300 1927 544 2015 *Ἀβισταῐοα
585 1931 744 2017 Corrupto
761 1955 820 2018 pro
839 1925 1056 2014 Λιβυσταῐοι.

300 2043 432 2130 *Ἀβδ
452 2071 495 2112 sc.
514 2045 541 2129 β
558 2069 617 2132 pro
635 2047 837 2132 digammate.

300 2157 462 2246 Ἀβωβὰς
479 2173 590 2226 utrum
608 2157 749 2254 Περσῶν
766 2186 807 2226 an
827 2157 1027 2252 Περγαίων.)
1053 2163 1099 2227 ita
1115 2165 1225 2248 Etym.

1356 2194 1387 2255 Ι5

291 2273 427 2374 Ἀβωρ.
453 2275 500 2344 ίσ.
515 2273 648 2368 Ἀβδη),
666 2274 734 2355 ride,
755 2271 915 2350 Λάκωνες.
945 2279 991 2362 [in
1009 2281 1049 2344 al.
1067 2277 1131 2366 ex.]
1154 2303 1184 2344 ν.
1203 2273 1343 2372 Μεργα-

348 2390 421 2486 βώρ
439 2397 473 2459 et
489 2390 674 2484 Γαβεργός.
856 2483 859 2488 μ

298 2507 420 2594 Ἀβῶς.
447 2504 697 2597 ΕῐγηἊβας,
715 2503 875 2602 ἄφαντος.
900 2505 946 2575 ίσ.
965 2503 1108 2602 ἄφατος.
1126 2515 1176 2578 vel
1194 2523 1343 2599 corrupte

347 2649 406 2712 νο
424 2619 517 2718 eon
535 2628 629 2692 uun.
648 2629 722 2713 9⁶8,
735 2629 777 2708 48
799 2627 1013 2713 (=953‚47·)

298 2739 321 2782 *
333 2733 475 2834 Ἀγάζει
493 2743 607 2806 AEsch.
625 2763 700 2828 341.
1353 2747 1389 2786 ²0

296 2847 528 2948 Ἀγαζόμεθα.
555 2857 620 2921 od.
637 2851 675 2920 κ’.
695 2877 767 2943 249.

290 2968 465 3061 Ἄγαγον.
491 2969 522 3037 ἆ.
540 3000 575 3039 τ.
593 2965 665 3060 ἄγε.
693 2975 750 3037 sed
766 2967 961 3060 ν.”Αγαγε.

297 3082 485 3176 Ἀγαθίδες,
507 3082 684 3166 σεσημίδες.
711 3090 750 3152 L.
769 3083 956 3169 σησαμίδες,
972 3089 993 3154 i.
1008 3111 1035 3153 e.
1054 3090 1208 3174 placentae
1231 3115 1270 3156 ex
1293 3115 1341 3157 se-

348 3227 436 3268 samo
459 3205 562 3268 factae.
613 3205 708 3268 Eust.
726 3199 779 3268 ὅτι
799 3197 832 3268 δὲ
849 3199 968 3291 ἆγαθίς
986 3198 1098 3285 δέσμη,
1114 3198 1239 3296 ῥάμμα,
1258 3207 1340 3282 στή-

346 3347 449 3402 μονες,
466 3315 622 3408 λέγουσιν
645 3317 677 3386 οἱ
699 3315 848 3386 παλαιοί.
885 3315 981 3398 δηλοῖ
1004 3315 1047 3398 δὲ,
1072 3319 1188 3414 φασίν,
1210 3322 1228 3398 ἧ
1250 3315 1384 3410 λέξις25

346 3431 397 3500 καί
424 3430 589 3514 σησαμίδα
611 3438 704 3516 1166,
721 3457 773 3523 33.
821 3437 926 3501 Dietae
953 3446 1030 3501 sunt
1055 3431 1229 3514 σησαμίδες
1254 3433 1340 3525 ἀγα·
1364 3513 1370 3530 ἡ

348 3545 429 3621 θίδες
456 3553 497 3616 ob
521 3553 666 3617 formam.
717 3554 821 3616 Erant
849 3554 934 3617 enim
958 3547 1154 3645 σφαιροειδῆ
1180 3548 1339 3629 πέμματα
1447 3599 1452 3609 ·

346 3677 427 3731 teste
444 3669 563 3732 Athen.
602 3669 671 3753 Ipsi
690 3669 834 3753 Hesych.
852 3664 981 3745 τολύτη
999 3677 1049 3732 est
1067 3661 1240 3753 ἆγαθίδιον
1257 3667 1340 3744 στή-

345 3775 646 3868 μονος.--Ἀγαθίς
665 3775 778 3858 δίσμη,
796 3777 847 3846 καί
866 3775 947 3852 εἶδός
964 3809 997 3846 τι
1014 3807 1046 3872 ρ.
1065 3784 1208 3868 Etymol.
1231 3807 1261 3847 v.
1280 3784 1337 3848 Su.

347 3898 412 3960 Hie
429 3898 534 3981 aliqua
551 3899 660 3961 deesse
677 3897 838 3961 videntur.
1347 3913 1387 3970 30

294 4007 528 4102 Ἀγαθοεργοί
542 4007 667 4078 Herod.
690 4031 739 4098 17,
757 4031 807 4099 15.

296 4116 515 4210 *Ἀγάλαλα
533 4149 563 4190 ν.
581 4117 822 4216 Ἀβάκχευτον.

174 4245 176 4250 ’
221 4225 224 4230 ’
296 4236 528 4324 Ἀγαλλίαμα.
555 4266 617 4308 vox
635 4242 855 4328 Scripturaria.

296 4350 498 4442 *Ἂγαλμα
517 4351 672 4436 Ἑκάτης.
698 4383 727 4423 ν.
747 4359 932 4424 Bourdelot.
951 4359 992 4422 ad
1011 4361 1137 4424 Petron.
1156 4383 1188 4445 p.
1204 4379 1274 4446 115.
