3140 5054
554 385 922 450 PRAEFATIO.

239 585 292 634 11.
314 559 361 634 Iu
378 560 693 656 Hooporrott‘onom
716 563 765 655 [p.
780 561 870 654 854]

239 734 292 782 12.
318 708 365 780 Ῑιι
381 708 420 780 J.
433 708 610 782 Pollucem
633 711 681 804 [p.
696 709 785 800 860.]

234 874 403 967 Sequitur
420 875 612 971 catalogus
630 873 850 970 Scriptorum
868 873 998 966 quibus
1015 874 1089 944 sivo
1105 875 1151 945 od
1167 898 1287 946 ernen-

283 990 439 1060 dandum
456 991 530 1061 sive
547 991 592 1061 ud
609 989 857 1060 illustrandum
876 988 1098 1082 Hssyohium
1122 1012 1207 1060 usur
1232 1000 1288 1062 est

284 1104 498 1177 Peorsonus:
529 1107 596 1177 viz.
616 1115 636 1146 ‘⁶
652 1103 861 1180 Scholiastos
887 1101 1149 1199 Aristophanis,
1180 1103 1288 1178 Τίιοο-

282 1221 373 1304 otti,
399 1219 565 1306 Pindari,
591 1219 792 1316 Euripidis,
816 1218 1067 1317 Lycophronis,
1094 1219 1287 1316 Apollonii,

282 1333 443 1421 Hesiodi,
460 1335 599 1424 Strabo,
621 1335 818 1408 Thesauros
833 1335 1074 1433 Coruuoopiae‚
1092 1335 1288 1434 Dionysius

284 1449 618 1538 Hoiioomossousis,
643 1451 811 1525 Erotiooi
839 1451 1003 1536 Leoiooo,
1029 1451 1158 1526 Galum
1180 1451 1289 1526 Leri-

284 1590 347 1638 coo
364 1567 556 1664 Hippou?

189 1731 255 1804 His
271 1735 476 1829 subjicitur;

264 1904 283 1941 κ
300 1883 378 1946 oute
393 1907 417 1957 μ
435 1877 636 1948 vestituris
655 1905 690 1969 γ.
709 1875 809 1948 Eust.
830 1874 896 1948 od.
914 1874 957 1946 λ’.
975 1899 1008 1969 p.
1026 1901 1101 1967 450,
1119 1903 1151 1967 9.

268 2047 277 2084 ι
290 2040 359 2110 pro
377 2049 393 2088 ν
410 2017 536 2103 Siculi,
554 2028 593 2090 ut
608 2016 692 2090 ἕνδοι
706 2041 776 2113 pro
792 2015 891 2100 ἔνδον,
909 2012 954 2098 μ’.
971 2039 1005 2110 p.
1023 2043 1100 2110 494,
1119 2025 1171 2090 26.

266 2155 368 2230 Soio.
384 2157 582 2255 Ἐρυμβόνα
603 2157 667 2230 &o
692 2155 798 2252 poulo
823 2157 959 2228 auctius
985 2165 1035 2228 ost
1059 2154 1123 2229 Ιιοο
1145 2155 1290 2230 AEiioui

310 2275 551 2374 froymmtum
581 2275 676 2371 opud
704 2271 928 2348 Eustothium
946 2257 997 2344 ¹in
1029 2273 1291 2349 commentat

316 2390 466 2489 Dionys.
484 2417 518 2487 p.
533 2413 593 2486 135
606 2393 641 2464 b.

237 2550 327 2620 Tum
356 2564 552 2646 sequuntur
579 2555 669 2640 haes,
698 2557 743 2628 od
772 2555 891 2628 Sohol.
913 2553 1164 2648 Aristophanis
1191 2577 1290 2649 speo-

287 2669 419 2740 tantia:

276 2821 464 2919 Μένανδρος
485 2826 524 2916 [l.
543 2824 749 2919 Μελάνθιος]
771 2829 868 2918 ἐντῷ
887 2827 963 2923 περὶ
980 2827 1166 2922 μυστηρίων
1182 2855 1258 2917 410.

276 2962 479 3060 ’Ἡρωδιανὸς
504 2967 536 3037 ἕν
553 2972 601 3057 τῷ
619 2967 823 3062 ἐπιμερισμῷ
840 2992 917 3057 403.

501 3091 534 3162 ἐν
550 3098 600 3181 τῷ
615 3090 658 3175 ις’
676 3096 741 3162 τῶν
758 3091 903 3163 καθόλου
919 3117 995 3184 403.

501 3215 534 3283 ἐν
552 3213 586 3300 β’
604 3214 679 3311 περὶ
697 3212 857 3297 Ἀττικῆς
874 3213 1060 3312 προσῳδίας
1076 3241 1152 3309 403.

273 3377 415 3450 Arisioi.
433 3380 465 3449 ἐν
482 3385 525 3474 τῇ
542 3379 732 3462 Ἰθακησίων
749 3381 904 3472 πολιτείᾳ
922 3380 995 3469 μβ.
1014 3392 1089 3471 416.

435 3497 467 3565 ἕν
484 3506 557 3572 ταῖς
575 3495 813 3574 Διδασκαλίαις
829 3525 905 3586 420.

435 3613 470 3680 αί
484 3616 550 3681 τῶν
568 3607 656 3709 ζώων
672 3614 820 3708 ἱστορίαι
837 3639 914 3707 403.

433 3727 465 3795 ἐν
482 3732 525 3820 τῇ
542 3724 572 3798 θ
588 3733 654 3798 τῶν
671 3727 817 3798 Φιλιππ.
834 3738 910 3816 406.
928 3753 1006 3822 475.

433 3841 465 3910 ἐν
482 3847 526 3935 τῇ
542 3840 575 3934 γ’
594 3842 645 3911 καί
663 3841 706 3912 λ’.
724 3851 800 3929 408.

278 3978 435 4077 Φρύνιχος
454 3981 642 4071 (Ἀθηναῖος
660 3993 828 4079 suprastr.)
849 3987 867 4056 ὁ
887 3987 1051 4060 Μελανθᾶ
1069 3999 1144 4082 364.

381 4095 588 4194 Ἀνδρομέδα
606 4107 680 4193 364.
732 4099 899 4198 Ἠριγόνη
916 4104 963 4175 ib.
1019 4103 1189 4204 Πνρρίχαι
1213 4108 1261 4179 ib.

277 4234 323 4306 Oi
339 4235 536 4334 γράψαντες
554 4242 628 4337 περὶ
646 4247 749 4324 μηνῶν
765 4243 817 4314 καί
836 4246 957 4341 ἑορτῶν
972 4244 1133 4342 Ἀθήνῃσι
1150 4255 1193 4335 48
1195 4271 1227 4341 5.

686 4367 710 4437 b
729 4374 752 4438 2
