3200 5058
564 354 964 418 HESYCHIANA.
1223 357 1287 426 157

291 529 470 608 terpretor=
521 522 602 586 Erat
637 516 817 593 Βασίλειος
851 513 950 599 στοὰ,
979 522 1122 608 porticus
1150 545 1195 588 sc.
1213 523 1287 589 Jovi

291 647 413 706 sacrata
428 635 578 723 βασιλεῖ,
595 648 663 706 erat
688 648 723 704 et
746 640 808 704 alia
824 639 899 706 Jovi
922 639 1110 704 Eleutherio
1133 641 1286 716 dedicata,

290 780 363 841 quae
397 751 571 838 βασίλειος
604 757 700 823 etiam
726 757 820 833 dicta,
846 780 913 822 non
946 757 987 821 ab
1014 780 1051 822 eo
1085 758 1137 822 oui
1167 764 1289 822 sacrata

290 875 403 954 linerat,
422 875 479 938 sed
495 875 552 958 qui
568 874 613 939 ibi
625 874 681 960 jus
698 874 834 938 dicebat.
887 874 981 939 Paus.
1002 867 1127 965 Πρώτη
1145 867 1181 938 δέ
1196 869 1289 939 ἐστιν

289 985 322 1053 έν
339 982 428 1078 δεξιᾷ
446 985 625 1069 καλουμένη
647 982 735 1057 στοδι
754 985 935 1072 βασίλειος,
952 985 1027 1056 ἔνθα
1047 982 1170 1083 καθίζει
1188 987 1289 1072 βασι·
1296 1010 1314 1076 5

290 1099 362 1176 λεδς
379 1100 538 1170 ἐνιαυσίαν
552 1099 663 1198 ἅρχων
676 1101 781 1197 ἀρχὴν
799 1101 994 1184 καλουμένην
1008 1102 1193 1189 βασιλείαν.
1212 1130 1245 1193 p.
1256 1122 1287 1192 5.

293 1220 358 1286 Sed
379 1222 601 1308 cogita.-Ibi
612 1225 682 1287 Rex
699 1222 752 1286 ille
769 1244 897 1286 annuus
909 1222 966 1308 jus
988 1222 1129 1286 dicebat:
1143 1229 1233 1307 patet
1249 1245 1289 1286 ex

291 1338 404 1423 primis
421 1339 527 1403 verbis
547 1339 688 1404 Platonis
711 1337 895 1426 [Euthyph.
918 1338 1142 1422 init.]—Vide
1165 1362 1205 1403 an
1222 1341 1287 1405 huc
1391 1353 1397 1360 '

292 1430 474 1540 pertineant
499 1478 572 1540 quae
597 1456 695 1520 hebet
718 1455 798 1520 Poll.
823 1455 845 1519 l.
865 1455 895 1520 8.
918 1479 945 1520 o.
965 1477 995 1542 9.
1013 1451 1045 1521 έν
1061 1456 1109 1542 τῷ
1127 1451 1287 1541 βασιλείῳ

291 1562 334 1636 τδ
352 1563 443 1664 παρὰ
461 1565 503 1637 τδ
520 1569 722 1655 βουκολεΐον.
1301 1605 1337 1642 10

243 1683 446 1760 *Βασιλέως
463 1681 641 1780 ὀφθαλμὸς
655 1690 741 1756 Plut.
759 1689 799 1753 V.
816 1692 897 1754 1016
911 1691 947 1755 F.
1127 1777 1130 1786 Ι

243 1799 389 1884 Βασίλη,
407 1803 425 1882 ἡ
441 1800 610 1887 βασίλεια.
630 1801 672 1872 Σ.
690 1829 720 1872 v.
740 1805 852 1898 Steph.
870 1806 904 1870 in
922 1797 1099 1894 Ἀ’γιίμεια.

243 1915 424 1998 Βασιλῆἵοι
447 1915 600 1988 δικασταί
620 1924 742 1988 Herod.
759 1945 830 1987 110.
1057 1906 1062 1916 Ι

244 2030 430 2109 Βασιλίδες.
449 2061 479 2104 v.
499 2039 662 2104 Pollucem
679 2047 712 2104 et
727 2041 846 2104 Athen.
863 2041 904 2124 76
916 2040 939 2104 f.

244 2149 264 2189 *
278 2147 385 2224 Βάσις
404 2203 412 2218 .
433 2203 441 2220 .
461 2201 470 2218 .
487 2149 621 2246 πορείαν
639 2156 730 2220 Plato
746 2158 823 2240 478,
837 2177 890 2242 31.
914 2150 1035 2246 ῥυθμός
1054 2155 1146 2221 Pind.
1167 2156 1238 2241 187.
1302 2178 1335 2243 15

245 2266 265 2306 ²*
278 2263 455 2335 Βασκαίνει
471 2272 623 2336 Ammon.

244 2377 443 2458 Βάσκανος.
464 2435 471 2452 .
492 2437 499 2453 .
519 2383 715 2480 ἀχαρίστου.

245 2495 380 2574 Βασκδς
397 2526 456 2590 pro
474 2496 616 2596 φασκάς.

246 2613 430 2686 Βασκε*πι.
452 2644 482 2687 v.
500 2612 772 2718 Βαστιζαρόλεα.

245 2730 581 2820 fflfffflssffi&

246 2847 430 2926 Βασσαίας.
447 2878 478 2920 v.
496 2846 642 2927 Βέσσος.

245 2963 438 3065 Βοίσσαρος.
456 2995 486 3037 v.
505 2973 615 3059 Etym.

247 3080 381 3154 Βαστά.
405 3090 570 3158 Meursius
595 3091 629 3154 in
649 3089 812 3154 Glossario
837 3089 1010 3174 legendum
1036 3096 1145 3154 censet
1169 3080 1290 3170 βαυτιί,

295 3206 316 3270 i.
334 3228 363 3270 e.
380 3207 489 3286 Botto,
511 3207 621 3272 Ocrea.
673 3207 952 3274 Quod1⁰contra
974 3205 1088 3270 seriem
1108 3206 1290 3270 literarum:

296 3321 423 3387 Deinde
440 3316 631 3389 Ἰταλιῶται
652 3346 719 3388 non
741 3329 819 3386 sunt
836 3322 920 3398 Itali,
939 3323 996 3386 sed
1019 3321 1126 3386 Graeci
1148 3322 1182 3385 in
1200 3321 1292 3384 Italia
1303 3343 1318 3382 2
1320 3337 1338 3402 5

295 3439 459 3524 degentes.
493 3419 556 3503 Est
580 3447 688 3504 autem
705 3430 844 3503 Βαστδν
863 3437 976 3502 Graeoe
1003 3439 1125 3502 αοίοεας
1146 3444 1203 3500 aut
1219 3457 1292 3500 καιν-

297 3557 424 3632 ιίαίίιιυι,
441 3556 553 3620 eodem
570 3556 665 3620 modo
683 3578 748 3640 quo
765 3548 948 3644 διάβαθρον
961 3561 1017 3617 aut
1033 3547 1156 3644 κρηπίς.

248 3663 399 3741 Boioi-ae.
424 3665 472 3736 ίσ.
498 3668 616 3761 δχεῖος.
635 3673 692 3736 sed
716 3671 830 3757 cogita.
867 3670 931 3734 sed
947 3692 978 3734 v.
996 3665 1103 3734 Laert.
1121 3664 1200 3758 [IX.
1217 3668 1286 3756 49.]

297 3788 336 3851 de
354 3789 540 3870 Democrito
558 3788 652 3855 Chio.

248 3899 268 3939 *
282 3894 454 3990 Βαστάγη
473 3904 587 3969 Petrus
604 3904 716 3990 Eclog.
730 3903 842 3988 Legat.
859 3903 909 3978 18,
926 3923 976 3989 13.
1301 3923 1340 3980 30

248 4011 476 4109 Βαστακέρας.
509 4021 548 4086 L.
584 4013 709 4086 Βάστα
744 4013 870 4111 Κόρας,
901 4016 977 4083 uno'
996 4018 1126 4082 nomine
1159 4019 1193 4081 in
1227 4019 1292 4082 duo

299 4134 410 4212 diviso,
439 4137 527 4220 quod
558 4135 627 4201 fieri
661 4136 775 4201 debere
800 4157 873 4220 quae
904 4141 1085 4219 sequuntur
1110 4135 1207 4199 verba
1236 4127 1291 4197 δύο

298 4250 405 4316 ταῦτα
436 4245 583 4329 ὀνόματα
613 4259 722 4338 aperte
749 4252 875 4330 docent,
905 4256 943 4313 ut
968 4257 1001 4312 et
1031 4247 1160 4332 Su[id].
1207 4241 1293 4314 κατὰ

297 4357 480 4444 διαστολὴν
496 4362 735 4456 ἀναγνωστέον.
786 4369 867 4431 Erat
887 4363 974 4430 enim
995 4365 1030 4428 in
1052 4365 1293 4450 Epigrammzite
