3200 5058
584 362 981 428 HESYCHIANA.
1247 361 1310 432 179

255 529 283 584 .*
298 525 451 621 Βοπῆρος
469 531 581 605 AEsch.
601 533 653 595 66.
711 527 712 534 ά

262 639 455 738 Βοπροῖὃια.
485 643 587 736 saepi
605 697 612 712 .
632 697 640 712 .
660 697 667 712 .
689 696 696 711 .
715 645 747 712 οἱ
776 641 810 712 δὲ
835 643 970 737 βότρυν.
1010 640 1309 741 Θεσμοφοριαζού-

311 787 393 839 σαις,
419 761 580 847 prioribus
608 786 652 827 se.
675 786 748 847 quae
773 785 861 827 nunc
886 787 952 827 non
978 772 1098 830 extant.
1149 787 1179 830 v.
1204 765 1306 830 Clem.

311 879 403 942 Alex.
434 879 520 942 Paed.
545 879 592 942 II.
614 903 647 966 p.
663 901 736 948 210.
789 873 931 970 Βότρυν,
949 874 1103 970 χλιδῶνα,
1129 903 1232 965 genus
1258 881 1309 944 in-

311 994 406 1069 auris,
424 995 502 1078 quid
519 995 606 1057 aliud
624 1018 721 1081 quam
738 995 834 1058 crinis
857 995 991 1080 crispus.
1015 995 1037 1060 J
1039 995 1083 1059 ul.
1103 997 1182 1077 Poll.
1201 996 1242 1060 V.
1257 999 1333 1064 16.5

311 1133 340 1172 v.
362 1102 535 1198 [Salmas]
557 1109 639 1173 Plin.
657 1111 754 1173 Exer.
772 1131 805 1194 p.
819 1111 911 1190 1148.
929 1109 1014 1172 idem
1034 1112 1106 1195 763.

261 1219 342 1288 Βοῦ.
383 1215 532 1294 Λάκωνες
550 1232 629 1310 puto
647 1225 729 1288 male
746 1225 906 1288 locatum:
941 1225 1049 1310 potius
1066 1225 1108 1288 ad
1125 1218 1217 1288 Βοῦα
1234 1247 1308 1309 per-

255 1371 258 1376 *
310 1341 411 1405 tinere
429 1341 564 1406 videtur.
587 1364 618 1405 v.
637 1331 808 1428 Βονάγορ.

256 1451 440 1537 Βουβαλίς.
478 1458 517 1522 L.
544 1447 740 1537 Βονβάλιες.
776 1457 898 1536 Herod,
911 1457 969 1520 IV.
993 1452 1097 1543 [192]
1127 1447 1211 1520 κατὰ
1231 1449 1308 1524 ποὺς

205 1605 208 1613 ·
312 1565 450 1649 νομάδας
468 1566 502 1637 δέ
518 1569 591 1637 ε’σπι
609 1567 749 1637 τουτέων
767 1565 865 1651 οὐδὲν,
883 1567 962 1636 ἀλλ’
975 1565 1065 1636 ἆλλᾶ
1082 1563 1163 1636 τάδε
1179 1563 1308 1660 πνγάρ-
1322 1602 1356 1657 ¹..0

257 1741 260 1748 .
311 1710 367 1772 γον
386 1681 437 1750 καὶ
456 1679 609 1779 ζορκάδες
626 1682 677 1750 καὶ
696 1679 885 1768 βουβάλιες.
937 1687 1089 1772 Oppiano
1103 1678 1308 1768 Βουβάλιδες

310 1804 472 1868 dicuntur.
530 1804 595 1886 [Al.
615 1826 663 1866 ex.
683 1803 779 1884 AElia.
797 1803 906 1866 Anim.
925 1825 955 1888 3,
971 1797 1016 1890 1.]
1211 1781 1216 1798 ¹

261 1911 464 2001 Βονβάλιον.
486 1941 528 1982 -v.
555 1911 731 1999 Βάβαλον.
760 1919 822 1982 Pro
852 1912 958 1989 συκιός
987 1919 1009 1984 l.
1027 1910 1144 1994 σικυὸς,
1173 1920 1309 1982 cucumis

311 2037 456 2118 nonestis.
509 2035 581 2098 Gal.
607 2035 685 2098 Lex.
710 2034 812 2119 Hipp.
836 2025 1036 2115 Βουβάλιος,
1065 2029 1152 2102 σι’κυς
1181 2025 1308 2124 ἄγριος,

310 2174 376 2214 non
394 2151 481 2214 utin
499 2151 637 2214 editione
656 2151 701 2214 H.
722 2150 769 2213 st.
787 2153 876 2225 συκῆ.
1321 2171 1332 2225 ν
1338 2168 1354 2228 5

262 2261 450 2336 Βούπαλος.
467 2288 498 2330 v.
518 2260 697 2330 Βούπαλον
715 2273 747 2330 et
765 2259 937 2355 Βοάβαρα.

262 2377 419 2463 Βούβελα
439 2383 560 2457 nbula.

262 2493 482 2588 Βοάβρωσπις
501 2546 509 2561 .
530 2545 538 2562 .
557 2493 659 2560 πενία.
682 2497 703 2560 l.
721 2501 825 2560 πεῖνα.
843 2481 1082 2579 moynofames
1110 2497 1204 2558 Eust.
1223 2488 1309 2556 Βοά-

257 2641 259 2648 ⁴
311 2611 459 2696 βρωστις
485 2608 592 2703 κυρίως
619 2605 676 2690 μὲν
707 2604 792 2676 κατὰ
822 2604 864 2676 τὸ
893 2614 951 2688 τῆς
984 2603 1099 2698 λέξεως
1132 2606 1259 2686 ἔτυμον,
1289 2604 1308 2672 ὁ

313 2724 417 2816 μέγας
433 2720 538 2806 ninii,
557 2727 574 2804 ἡ
591 2719 722 2814 μεγάλη
740 2731 846 2808 πεῖνα,
863 2722 915 2791 καὶ
933 2725 972 2797 ὡς
990 2724 1089 2791 εἰπεῖν
1105 2720 1272 2808 βοάπεινα,
1291 2721 1358 2810 rino

311 2839 424 2920 πολλὴ
447 2847 505 2920 τῆς
522 2841 673 2935 βρώσεως
690 2839 813 2934 ἔφεσις.
845 2842 911 2906 Od.
929 2835 973 2908 ω’.
991 2863 1066 2928 532.
1092 2864 1122 2905 v.
1143 2841 1249 2922 Schol.
1269 2841 1308 2904 Il.

318 2957 383 3046 [Al.
402 2983 451 3024 ex.
471 2960 555 3024 Plut.
574 2960 623 3023 M.
643 2963 707 3045 694
723 2954 779 3042 A]

132 3170 135 3176 Ι
263 3069 430 3162 Βυυγαΐον
449 3074 488 3141 Il.
508 3068 543 3140 ν’.
556 3077 628 3156 824.
656 3075 776 3138 Esther
793 3095 824 3160 3,
841 3095 868 3138 1.
887 3096 982 3160 9,10.

262 3185 457 3277 Βουγενέων.
484 3184 617 3281 ἅρμενα.
644 3191 721 3275 Ety.
736 3181 873 3280 Ἀρμοῖ.
914 3191 1000 3253 Eum
1018 3211 1049 3254 v.
1072 3189 1105 3251 in
1121 3181 1261 3278 Ἀρμάς.

264 3303 284 3343 *
298 3300 528 3393 Βούγλωσσον
546 3332 593 3397 ιχ.
612 3305 787 3368 Marcellus
806 3304 941 3369 SideteS.
1319 3330 1355 3388 25

263 3417 417 3487 Βούσιον.
442 3423 545 3487 Series
561 3423 724 3486 literarum
741 3419 885 3504 postulat
901 3419 1009 3504 potius
1023 3411 1172 3494 Βοάδιον,
1190 3425 1223 3480 et
1241 3417 1309 3480 sine

313 3539 411 3602 dubio
444 3539 585 3625 respexit
613 3538 654 3601 ad
684 3528 847 3612 Βούδειον,
877 3535 991 3599 urbem
1019 3555 1117 3620 quam
1146 3534 1309 3597 Homerus

313 3652 490 3717 nominavit
507 3653 547 3718 Il.
565 3645 611 3716 π’.
625 3667 699 3736 572.

264 3759 400 3837 Βούδιος
427 3816 435 3832 .
455 3817 463 3833 .
482 3763 584 3845 ὄμμα,
600 3767 622 3830 l.
641 3761 753 3843 ὄνομα,
771 3772 804 3828 et
820 3765 842 3828 f.
861 3759 938 3828 κάων
955 3755 990 3826 δέ
1011 3787 1063 3832 τις
1087 3756 1132 3837 ἦν.
1177 3759 1252 3825 Cas.
1276 3760 1310 3824 in

313 3885 435 3949 Athen.
461 3905 495 3968 p.
515 3885 588 3968 238.
1319 3901 1359 3957 30

265 3990 432 4088 Βουδόρῳ.
451 3991 607 4088 Βουὸόρῳ
625 3991 710 4080 νόμῳ
730 3997 822 4058 Ρνον.
841 3995 928 4079 apud
945 3993 1083 4078 Diogen.
1096 3992 1200 4056 Vetic.
1220 3991 1309 4063 Suid,

265 4112 285 4150 *⁴⁸
300 4105 480 4204 Βονζύγης.
498 4114 609 4197 Etym.
629 4111 711 4174 Plin.
730 4111 806 4174 Nat.
826 4109 911 4172 Hist.
934 4109 956 4172 l.
976 4125 1006 4192 7.
1024 4131 1051 4172 c.
1066 4110 1118 4192 56.
1142 4109 1258 4170 Βουευν
1281 4113 1312 4170 et

315 4235 460 4306 orationi
487 4229 633 4309 Βυκρρεε
649 4226 860 4300 Atheniensis,
888 4231 925 4286 nt
953 4225 1010 4286 alii
1038 4225 1254 4304 Triptolemus.
1280 4243 1311 4289 v.

311 4343 493 4407 Ausonium
512 4342 554 4406 ad
572 4341 724 4404 Pontium
738 4338 921 4408 Paulinum.
939 4361 972 4430 v.
986 4337 1061 4403 Sch.
1081 4338 1181 4422 Soph.
1201 4355 1273 4418 224,

784 4475 808 4518 A
826 4473 882 4521 az
