3200 5058
571 380 968 445 ΗΕΒΥΟΗΙΑΝΑ.
1228 378 1292 448 167

294 542 376 616 ἔθος·
406 540 459 610 καὶ
482 540 500 610 ὁ
527 573 562 613 τ.
583 574 611 613 ε.
633 573 659 612 ε.
678 539 829 620 Λάκωνες
854 540 898 627 δὲ,
921 540 1049 630 βεστόν
1074 543 1134 625 τὴν
1156 545 1292 625 ε’σθΐπα.

251 675 254 682 ’
294 685 325 728 ν.
343 663 454 748 Etym.
489 663 584 726 Forte
601 658 701 733 ἔθνος.

246 772 425 868 Βέτεθρον.
449 777 609 864 Corruple
626 801 684 864 pro
702 771 879 870 Βέρεθρον,
895 780 946 844 vel
963 774 1095 871 βέθρον.
1111 803 1142 846 ν.
1156 781 1268 866 Etym.

247 885 362 962 Βὲθος.
398 893 434 956 F.
459 884 589 969 Βεῦδος,
621 887 732 977 (recte.
763 892 920 982 suprasc.)
949 895 989 958 Id
1011 886 1108 960 'series
1141 896 1293 980 postulat.

160 1041 161 1045 ¹
297 999 441 1072 παλαιὸν
471 1001 593 1079 Βεῦθος
624 1009 808 1074 Ptolemaeo,
838 1009 949 1095 Etym.
966 1002 1077 1075 Ἔστι
1108 1005 1215 1088 πόλις,
1241 1005 1320 1083 καῖ5

297 1115 445 1211 γυναικὸς
470 1116 602 1200 ἱμάτιον
627 1119 819 1194 πολυτελές.
843 1115 934 1213 ταρὰ
950 1117 1160 1214 Ἑρμιονεῦσι
1187 1119 1294 1192 δὲκαὶ

298 1231 449 1325 ἄγαλμα.
479 1239 687 1336 J11l.Poll.l.
708 1257 737 1325 7.
755 1262 783 1304 c.
799 1261 849 1326 13.
894 1234 1018 1311 Βεῦθος
1041 1233 1218 1329 (1.Βεῦθος
1241 1264 1294 1306 su-

298 1353 417 1444 prasc.)
451 1352 491 1426 ὡς
525 1349 673 1446 Σαπφὼ,
703 1349 908 1446 κιμβαρικόν.
937 1351 1012 1420 ἔστι
1043 1349 1077 1421 δὲ
1103 1348 1146 1421 τὸ
1175 1353 1296 1439 κιμβα-

297 1463 387 1561 ρικόν
405 1464 562 1562 διαφανὴς
587 1466 789 1562 χιτωνίσκος.
825 1470 1017 1537 Parthenius
1035 1471 1174 1537 Erolicis
1200 1495 1228 1538 ο.
1244 1494 1293 1538 11.

299 1580 422 1652 Βειίδεα
447 1581 637 1678 παρθενικαί
655 1580 840 1664 Μιλησίθες
861 1579 1053 1678 ἐρρήξαντο.
1084 1580 1224 1674 ἄγαλμα
1249 1588 1345 1652 vi·10

300 1703 395 1767 detur
418 1703 576 1788 pertinere
604 1704 645 1767 ad
671 1696 785 1781 Βέθος,
803 1711 841 1768 ut
867 1704 910 1768 sit
931 1725 990 1789 pro
1015 1697 1096 1775 ἔθος.
1126 1697 1298 1792 [Bellor—

300 1810 371 1888 ἔθος
388 1818 411 1884 f.
429 1818 527 1882 deleri
543 1818 645 1883 voluit
662 1817 714 1900 Ρ.]

251 1928 304 2010 Βῆ
322 1933 363 1998 Il.
381 1927 422 1998 α’.
440 1955 493 2022 34

252 2044 421 2131 Βηβῆσαι.
438 2073 469 2116 v.
489 2044 611 2126 Βῆσαι.

252 2159 368 2246 Βηβῆν
385 2191 422 2230 τ.
439 2161 486 2231 ἰ’σ.
502 2160 566 2244 Bb,
584 2159 674 2257 φωνὴ
691 2156 879 2255 προβάτου.
898 2167 993 2232 Eunt.
1012 2169 1084 2252 768,
1100 2189 1150 2254 13.
1309 2190 1345 2254 15
1373 2235 1376 2242 ,

253 2270 366 2372 Βῆζει.
387 2274 436 2347 ἰ’σ.
454 2271 560 2372 Βᾶζει
577 2281 629 2345 vel
650 2271 784 2374 Βαΰζει.

15 2447 16 2480 .
145 2481 148 2488 ,
254 2387 361 2488 1351(-

254 2507 366 2589 Βῆμα.
398 2513 437 2576 L.
455 2477 559 2590 Βῆθβ,
578 2507 740 2604 πρόβατα
759 2513 832 2578 Gal.
847 2522 880 2578 et
898 2514 1001 2598 Hipp.

246 2624 418 2706 ,Βηκῶνιον
433 2629 457 2694 s.
474 2637 622 2714 corrupte
638 2651 698 2716 pro
714 2621 880 2707 μηκώνιον.

257 2740 308 2821 Βῆ
325 2740 429 2833 λέγει.
467 2747 521 2810 An
535 2740 668 2822 Βῆκλει.
1311 2785 1349 2825 20

257 2855 412 2942 Βῆλημα,
434 2854 578 2938 κώλυμα.
595 2855 642 2926 ἰ’σ.
661 2856 795 2940 Βλῆμα.

257 2971 381 3058 Βῆλος,
398 2971 540 3068 οὐρανός.
577 2977 648 3042 Imo
671 2971 786 3060 βηλός,
813 2971 954 3070 οὐρανὸς,
972 2973 1084 3055 Βῆλος
1109 2986 1217 3042 autem
1242 2977 1304 3042 Ju-
1434 3011 1438 3024 ·

307 3093 400 3179 piter.
419 3094 514 3158 Sch0.
533 3094 633 3162 Hom.
652 3087 720 3160 ἆτὸ
737 3091 854 3178 βηλοῦ,
872 3087 939 3160 &ml
956 3097 1018 3160 τοῦ
1034 3090 1178 3186 οὐρανοῦ.

260 3203 370 3288 Βηλός
388 3259 396 3276 .
416 3261 424 3276 .
443 3260 451 3276 .
471 3203 622 3289 σταθμὸς
660 3212 682 3276 f.
708 3204 850 3293 βαθμός,
876 3221 909 3276 et
935 3205 1059 3288 Βηλοῦ,
1086 3207 1229 3292 βαθμοῦ.
1260 3209 1305 3272 ita

309 3327 460 3414 cyrillus,
489 3337 522 3393 et
552 3324 682 3415 Su[id].
713 3329 824 3414 Etym.
877 3320 999 3406 Βηλὸς,
1033 3318 1162 3409 βαθμὸς
1198 3321 1303 3416 θύρας,
1315 3351 1329 3390 2
1332 3346 1350 3411 5

308 3439 326 3521 ἠ
352 3440 371 3509 ὁ
400 3438 543 3536 οὐρανός.
577 3445 650 3532 quis
682 3453 790 3510 autem
818 3439 879 3528 (sic
904 3441 942 3532 f.)
969 3435 1076 3525 βηλὸν
1101 3435 1178 3508 ὁδὸν
1207 3443 1306 3506 inter-

308 3569 453 3647 pretatus
476 3563 551 3627 est?
568 3541 571 3548 ²
586 3570 667 3648 puto
688 3562 796 3626 locum
818 3583 887 3625 esse
913 3582 1075 3625 mancum.
1102 3558 1177 3624 sch.
1206 3558 1305 3624 Hom.

309 3673 434 3770 εἴρηται
451 3670 556 3761 βηλός
573 3670 642 3743 ἆπό
658 3679 721 3744 τοῦ
742 3672 929 3760 βαίνεσθαι,
945 3673 985 3748 ὡς
1001 3670 1053 3740 καί
1071 3665 1144 3746 ὁθός
1161 3666 1229 3739 ἆτό
1245 3676 1307 3740 τοῦ

309 3787 517 3861 θιαθειίεσθαι.
535 3819 568 3862 ν.
586 3789 698 3871 Βηλῶ.

261 3905 435 3988 Βλησέμεν
451 3902 490 3997 qd
508 3902 755 4002 Βηλῆ[σεμεν].
1316 3944 1355 4001 30

261 4020 380 4104 Βῆμιι.
396 4023 562 4104 ,σημαίνει
590 4028 613 4092 f.
641 4026 780 4112 pertinet
807 4025 849 4090 ad
877 4015 1071 4116 Βηματίζει.
1107 4022 1308 4103 ε’κκνκλῆσαι,

313 4165 357 4206 sc.
378 4143 413 4206 in
431 4143 561 4208 Lexico.

262 4251 379 4334 Βῆνος,
395 4252 547 4339 κιβωτός.
574 4250 760 4338 ν.Ἴβηνοι.

263 4365 476 4466 Βηματίζειν.
504 4374 617 4439 Utitur
641 4373 756 4438 Strabo
780 4396 813 4458 p.
832 4388 907 4459 374.
960 4371 1103 4436 Pertinet
1129 4374 1194 4437 huc
1219 4372 1310 4436 locus

231 4525 233 4530 ,
314 4489 464 4555 Athenaei
480 4491 520 4557 de
538 4491 672 4555 Baetone
691 4488 868 4554 Bematista
883 4487 1058 4554 Alexandri
1079 4484 1126 4576 [p.
1139 4509 1203 4574 442
1218 4483 1272 4573 Β.]
1320 4508 1357 4567 35
