3200 5058
560 377 960 442 HESYCHIANA.
1226 379 1288 446 159

292 552 325 609 et
345 538 434 636 μόρα
457 545 553 612 etium
575 537 681 628 βάτια
704 545 866 612 dicuntur.
918 547 970 612 De
995 546 1058 612 illis
1083 553 1192 612 autem
1219 547 1288 612 He-

293 662 423 749 sychius
456 663 533 749 agit.
591 663 679 749 Ergo
708 653 821 729 Βάτια
854 660 1069 729 retinendum.
1138 663 1288 730 Secunda

292 779 388 844 nimie
431 781 581 860 violente,
623 780 702 865 quid
745 780 832 846 enim
883 771 1030 860 καλάμης
1069 803 1144 846 cum
1177 773 1287 864 βάτου

291 919 461 962 commune
491 898 611 962 hebet?
662 897 735 984 Ego
763 897 845 962 nihil
874 906 975 978 muto,
1003 905 1036 963 et
1063 898 1109 964 ric
1138 898 1284 986 explico:

292 1015 439 1101 Hesych.
456 1015 508 1080 hic
525 1006 630 1096 βάτια
648 1014 764 1100 accipit
780 1015 911 1080 omnino
928 1037 987 1102 pro
1005 1005 1181 1096 Συκάμινα,
1198 1013 1312 1101 quodS

291 1130 365 1195 inde
391 1140 533 1218 apparet,
556 1131 632 1217 quie
653 1121 778 1222 άβρυνα
802 1130 915 1195 eadem
941 1153 1010 1196 esse
1036 1131 1133 1196 dicit:
1159 1132 1285 1218 etipse

291 1255 375 1325 ente,
386 1239 553 1335 Ἀβρυνα,
565 1238 733 1324 συκάμινα,
752 1255 784 1311 et
801 1255 886 1333 post,
904 1270 963 1312 suo
979 1247 1059 1324 loco,
1072 1240 1248 1328 Συκάμινα,
1266 1245 1284 1324 ἦ

290 1360 366 1453 παρ’
386 1358 478 1433 ἐνίοις
499 1359 614 1453 μορέα.
666 1363 799 1428 Certum
818 1371 867 1428 est
882 1363 989 1448 itaque
1008 1365 1210 1450 Hesychium
1231 1365 1284 1429 hic

290 1470 403 1548 Βάτια
425 1503 549 1545 sumere
567 1503 642 1545 cum
659 1479 822 1545 Sulmonio
838 1501 899 1566 pro
917 1471 1102 1558 Συκάμινον
1128 1489 1162 1545 at
1179 1471 1285 1544 Συκά-

193 1630 195 1636 ·
289 1619 366 1673 μινα
393 1605 471 1660 sunt
498 1597 557 1672 τῆς
586 1586 732 1673 καλάμης
760 1588 895 1687 καρπός.
933 1586 1064 1672 καλάμη
1094 1603 1202 1660 eutem
1231 1595 1284 1659 hic
1298 1615 1333 1654 ιο

290 1711 428 1784 sumitur
444 1734 503 1797 pro
520 1707 683 1802 στέλεχος
701 1711 766 1776 sive
783 1703 892 1800 ξυλον.
918 1735 949 1777 v.
967 1705 1110 1802 Βλῆραι.
1130 1711 1284 1797 ....Sy-

290 1802 415 1892 caniino
440 1827 598 1914 AEgyptia
620 1828 767 1914 Theoph.
784 1827 927 1892 stuctrm
950 1828 1022 1906 fert,
1041 1824 1096 1893 οόκ
1122 1821 1191 1894 ἆτό
1218 1827 1283 1895 τῶν

289 1939 452 2025 βλαστῶν
471 1937 534 2010 οὐδ’
554 1935 622 2009 ἆτὸ
639 1943 705 2009 τῶν
721 1938 914 2036 ἀκρεμόνων,
931 1939 1008 2010 ἀλλ’
1028 1939 1062 2009 ἐκ
1082 1945 1145 2011 τοῦ
1166 1939 1284 2011 στελέ-

290 2085 377 2151 χους.
402 2061 491 2126 Hist.
510 2061 600 2126 Plan.
614 2061 673 2126 IV.
692 2082 721 2130 2.
740 2063 834 2126 etita
851 2063 961 2128 Diosc.
978 2062 1002 2126 l.
1015 2081 1042 2127 1.
1061 2085 1089 2128 c.
1104 2064 1176 2129 181.
1194 2065 1283 2148 quod

289 2179 376 2265 apud
392 2178 588 2242 Athenaeum
605 2178 722 2242 dicitur
738 2171 806 2244 ἇτό
822 2177 884 2245 τοῦ
899 2171 1009 2268 ξυλου.
1061 2180 1143 2246 ΡΙὶα.
1155 2181 1283 2264 pomum
1296 2192 1329 2258 15

286 2294 356 2372 fert
379 2315 441 2360 οοιι
464 2297 565 2358 rumic
587 2296 645 2358 red
667 2288 795 2360 caudice
815 2297 894 2377 ipro,
916 2303 1012 2382 atque
1036 2296 1099 2361 hoc
1123 2299 1282 2383 estquod

288 2411 390 2475 voluit
407 2412 510 2498 Hesy.
527 2433 602 2476 cum
619 2403 765 2490 καλάμης
780 2405 907 2504 καρτὸν
924 2413 1014 2492 dixit,
1032 2436 1096 2499 qua
1117 2421 1226 2477 tamen
1247 2413 1282 2478 in

288 2527 405 2592 refelli
421 2527 513 2592 illum
529 2529 648 2614 pariter
663 2529 815 2594 concedo.
867 2530 953 2593 Nam
970 2520 1076 2611 βάτια
1094 2529 1283 2594 dicebantur

288 2643 413 2708 fructus
433 2643 606 2731 sycamini,
623 2645 645 2710 i.
658 2668 686 2711 e.
711 2645 803 2722 mori,
832 2646 958 2710 fructus
983 2653 1091 2711 autem
1118 2645 1281 2733 Sycamini

288 2761 464 2848 AEgyptiae,
481 2761 503 2825 i.
517 2784 545 2832 e.
564 2761 740 2848 sycomori,
757 2785 798 2827 ex
814 2763 944 2828 caudice
968 2763 1098 2849 prodit:
1124 2769 1221 2847 atque
1236 2761 1282 2826 itu
1293 2783 1330 2822 20

288 2877 362 2943 duae
379 2879 430 2942 hae
448 2878 577 2944 arbores
594 2881 857 2944 confunduntur:
885 2875 959 2967 (nec
975 2881 1037 2945 hoc
1054 2903 1195 2945 novum:
1216 2879 1282 2944 Ac-

287 2994 352 3060 tius
374 2994 396 3060 l.
418 3016 447 3060 1.
478 2989 614 3087 Μορέας
637 2992 656 3061 ὁ
683 2988 808 3088 καρπός
835 2988 1008 3075 Συκάμηνα
1032 2991 1084 3062 καὶ
1112 2989 1281 3088 συκόμορα

286 3109 435 3176 καλεῖται
461 3111 599 3202 συνεχῶς
624 3103 688 3177 ὑπὸ
709 3111 883 3201 πολλῶνι)
909 3113 1009 3178 etsie
1031 3112 1112 3176 nihil
1132 3111 1185 3176 hic
1209 3134 1282 3176 mu-

287 3226 432 3303 tandum,
455 3227 518 3292 nisi
543 3229 631 3312 quod
656 3251 716 3314 pro
740 3223 844 3322 μορέα
868 3231 931 3316 leg.
956 3223 1055 3322 μόρα.
1106 3229 1169 3293 Est
1194 3230 1281 3294 enim

286 3338 391 3434 μορόα
410 3366 529 3408 nomen
550 3345 682 3426 arboris,
698 3339 803 3435 μόρον
819 3355 927 3412 eutem
942 3348 1077 3411 fructus.
1128 3347 1224 3411 Eunt.
1241 3343 1282 3417 ὡς
1292 3371 1308 3409 2
1310 3365 1328 3430 5

287 3455 384 3524 συκέα
405 3456 511 3539 μηλόα
533 3454 619 3528 οὕτω
640 3457 692 3527 καὶ
713 3458 817 3556 μορέα
833 3455 879 3530 τὰ
895 3458 985 3556 μόρα
1002 3457 1164 3555 φέρουσα.
1216 3463 1281 3527 Sed

286 3575 356 3664 ipsc
374 3577 476 3663 Hesy.
495 3578 586 3648 aliter
601 3579 737 3646 videtur.
787 3571 964 3660 Συκάμινα,
982 3577 999 3656 ἦ
1017 3576 1093 3672 παρ’
1113 3574 1204 3650 ἐνίοις
1219 3604 1282 3656 μο-

286 3687 345 3783 ρέα
367 3685 412 3760 τό
435 3686 571 3785 όάνόρον,
598 3690 650 3760 καὶ
677 3692 696 3760 ὁ
723 3692 858 3788 καρπός.
911 3697 976 3762 Sed
997 3697 1060 3784 leg.
1088 3687 1279 3774 Συκάμινον.

289 3799 468 3886 Συκάμινος
490 3811 576 3876 enim
598 3811 702 3891 arbor,
720 3806 902 3890 Συκάμινον
917 3814 1051 3878 fructu&
1077 3806 1165 3902 μόρα
1182 3813 1281 3898 igitur

287 3917 455 4002 συκάμινα.
498 3949 602 4012 neque
619 3951 736 4014 magno
753 3929 788 3993 in
805 3951 909 3996 errore
925 3939 1071 3996 versatur
1088 3929 1212 4005 Pollux,
1229 3929 1281 3993 his
1290 3953 1329 4012 30

286 4041 403 4122 verbis,
419 4043 479 4108 VI.
499 4065 538 4131 9:
563 4036 738 4122 Συκάμινα.
755 4047 864 4113 ταῦτα
880 4041 983 4114 δὲκαὶ
999 4042 1088 4139 μόρα
1105 4039 1281 4137 Αἰσχύλος
1316 4103 1321 4114 .

285 4151 461 4238 ὠνόμασεν,
478 4153 578 4232 οὕτως
600 4157 697 4226 εἶπόν
712 4154 758 4229 τὰ
780 4159 814 4228 ἐκ
835 4153 894 4241 τῆς
917 4155 1038 4246 βάτου.
1090 4163 1155 4228 Sed
1176 4186 1282 4249 neque

286 4274 444 4362 interpres
466 4277 603 4342 Latinus
637 4301 741 4364 neque
765 4279 905 4344 Bodaeus
929 4281 1092 4345 Pollucem
1113 4281 1279 4346 intellexit.

288 4389 467 4476 sycamina.
502 4395 566 4458 lucc
594 4415 623 4458 υ.
651 4402 681 4458 et
706 4395 804 4459 Mora
828 4397 1001 4478 AEectyluc
1026 4398 1197 4460 nominauit
1225 4398 1282 4460 illu
