3188 5052
583 341 969 404 HESYCHIANA.
1238 339 1301 404 115

252 501 394 598 Ἀρῆγει
414 506 453 571 Il.
472 499 511 570 o'.
529 525 583 587 42.

255 613 411 713 Ἀρῆγων
430 621 473 686 ΙΙ.
487 614 522 684 c'.
540 635 615 706 507.

255 729 470 827 ’Aplpovrec
490 737 573 800 Puto
587 736 789 822 Hesychium
805 736 914 821 potius
932 735 1096 822 scripsisse
1107 727 1297 826 Ἀρηγόνες,

305 845 425 932 βοηθοὶ
444 851 483 916 Il.
502 843 547 937 γ’.
567 867 597 934 7.

252 959 438 1056 Ἀρηῒθόων
456 965 496 1030 ll.
514 957 553 1030 (Υ.
573 967 647 1033 280.
1308 993 1325 1052 5

251 1073 377 1172 Ἀρήϊα
398 1081 437 1144 Il.
455 1071 499 1171 ζ’.
518 1101 592 1165 340.

251 1187 390 1286 Ἀρήϊος
408 1195 447 1260 Il.
464 1187 511 1276 β’.
530 1196 605 1280 698.
657 1192 722 1257 Sed
743 1214 840 1276 quare
863 1187 1026 1283 ἀλλαχοῦ.
1052 1194 1179 1259 videtur
1195 1185 1304 1280 glossa¹

306 1307 440 1393 alicujus
456 1308 527 1386 loci,
546 1309 580 1372 in
597 1329 661 1392 quo
679 1307 765 1370 eliud
782 1306 903 1390 aliquid
919 1307 1088 1392 significat.

252 1416 463 1513 Ἀρηΐφατοι
482 1423 547 1488 od.
564 1416 607 1488 λ’.
625 1443 679 1504 41.
708 1419 779 1512 [Al.
797 1413 1143 1512 011.Ἀρηὶ“φάτουςοὶ
1159 1415 1226 1486 θεοὶ
1249 1446 1300 1484 τι-

305 1536 391 1614 μῶσι
421 1530 473 1601 καὶ
505 1528 683 1626 ἅνθρωποι.
735 1535 919 1600 Heraclitus
949 1535 1037 1620 apud
1062 1535 1298 1600 'l'heodoretum
1313 1563 1351 1604 ro

306 1672 338 1734 4,
357 1650 447 1732 600.]

254 1758 457 1858 Ἀρηΐφιλος
476 1765 515 1830 ll.
534 1758 579 1851 γ’.
600 1784 651 1833 21.

254 1874 446 1970 Ἀρημὲνος.
464 1875 501 1960 β.
530 1881 569 1945 Il.
587 1873 631 1945 α’.
648 1895 725 1966 435.

253 1985 379 2083 Ἀρήνη
398 1993 436 2056 ll.
455 1986 502 2074 li.
520 2013 593 2080 391.

254 2100 410 2198 Ἀρῆξειν
429 2109 467 2171 Il.
486 2101 520 2173 ε’.
539 2109 613 2194 833.
1314 2142 1347 2200 ¹5

253 2214 396 2313 Ἀρῆξαι
407 2223 455 2287 ll.
473 2217 515 2288 α’.
532 2226 608 2306 408.
633 2271 641 2287 .
658 2216 749 2289 ,ἀπὸ

253 2331 462 2430 Ἀρηξήνορα
480 2347 629 2425 corrupte
646 2361 705 2425 pro
722 2331 895 2430 ῥηξήνορα.
920 2340 959 2403 ΙΙ.
978 2333 1015 2416 η’.
1035 2341 1107 2407 228.
1142 2332 1211 2405 Kal
1227 2337 1297 2417 μετ’

306 2450 478 2543 Ἀχιλλῆα
495 2447 667 2545 ῥηξήνορα.
687 2479 707 2518 α
724 2454 810 2518 enim
828 2454 861 2517 in
880 2455 944 2518 fine
960 2454 1047 2518 vocis
1062 2448 1235 2544 Ἀχιλλῆα
1253 2463 1301 2518 at·

306 2568 419 2631 tribuit
435 2568 526 2633 initio
543 2568 629 2633 vocis
648 2568 811 2654 sequentis
827 2561 999 2660 ῥηξῆνορα,
1018 2578 1050 2633 et
1067 2570 1111 2632 ite
1127 2571 1287 2634 exscribit.

256 2675 502 2771 Ἀρηνοβοσκός
529 2707 559 2748 v.
588 2676 833 2775 Ἀρενοβοσκὸς
851 2732 927 2748 ....
946 2676 1163 2774 ἆρηνοβοσκός
1189 2685 1299 2770 Etym.
1312 2708 1349 2747 20

292 2790 518 2887 ε’ρηνοβοσκός,
528 2794 547 2862 ὁ
558 2792 852 2890 προβατοβοσκός,
870 2795 903 2864 ἐν
916 2794 1023 2891 Τυροῖ
1038 2794 1087 2881 β’.
1108 2796 1299 2891 Σοφοκλῆς.

294 2914 340 2976 At
361 2936 420 2998 per
442 2914 599 3004 duplexp
623 2915 827 2978 scribendum
850 2924 882 2979 ct
903 2915 956 2979 hic
978 2923 1010 2979 et
1030 2917 1117 3000 apud
1133 2917 1301 3002 Etymolo·

293 3050 372 3112 gum
389 3037 479 3114 put0‚
493 3037 526 3092 et
542 3029 587 3092 its
603 3017 757 3093 nostrum¹
767 3029 920 3094 emendor
939 3021 990 3094 διά
1004 3055 1043 3094 τε
1058 3031 1120 3094 τοῦ
1135 3005 1150 3094 ἕ
1166 3024 1218 3093 καὶ
1236 3029 1301 3093 τῶν

292 3135 328 3220 li
346 3139 403 3230 ῥῶ,
422 3164 480 3226 per
497 3142 621 3226 epsilon
639 3164 683 3206 sc.
702 3150 734 3206 et
750 3165 816 3206 non
833 3165 891 3228 per
909 3135 941 3223 ci,
960 3165 1020 3207 nec
1037 3165 1094 3227 per
1112 3143 1247 3228 simplex
1262 3151 1301 3206 ut

293 3254 327 3317 in
346 3248 480 3346 Ἀρηνο.
499 3257 556 3320 sed
573 3257 694 3341 duplex
709 3249 739 3346 ρ’
757 3257 807 3320 vel
822 3257 895 3346 ρῶν.
913 3281 943 3321 v.
962 3258 1055 3321 Eust.
1076 3273 1148 3344 799.
1166 3258 1222 3340 qui
1239 3257 1299 3322 sub
1311 3279 1326 3318 α
1330 3279 1347 3338 5

293 3369 372 3433 Lex.
391 3371 563 3434 Rhetorico
580 3372 661 3436 forte
677 3372 766 3435 hunc
783 3372 890 3436 locum
907 3372 1046 3457 respicit.

257 3477 390 3576 Ἀρῆρει
411 3486 449 3548 ll.
468 3479 512 3572 γ’.
531 3487 605 3572 338.

248 3592 377 3692 Ἄρηος
393 3608 543 3685 corrupte
561 3622 620 3685 pro
638 3593 782 3690 Ἀρῆϊος.

255 3708 466 3804 Ἀρῆρασθαι
485 3723 634 3800 corrupte
652 3736 710 3798 pro
728 3706 941 3805 Ἀρῆσασθαι
959 3717 1047 3799 quod
1064 3717 1160 3801 paulo
1178 3725 1261 3802 post.

256 3821 460 3918 Ἀρηρομένη
479 3830 518 3892 ΙΙ.
536 3822 579 3893 c'.
596 3830 673 3915 548.
1311 3847 1350 3902 30

249 3935 395 4033 Ἀρηρεν
410 3941 474 4007 Od.
489 3936 524 4008 ε’.
540 3944 613 4025 048.
637 3940 703 4030 [Al.
718 3965 767 4007 ex.
787 3941 831 4027 (v.
844 3937 1007 4035 ''Apapsv)
1020 3969 1072 4030 ap.
1087 3939 1302 4032 Eurip.158.]

256 4049 400 4146 Ἀρηρός
418 4057 456 4120 ll.
474 4050 519 4121 λ’.
537 4078 590 4142 31.

256 4162 428 4260 Ἀρηρότα
447 4171 485 4232 ΙΙ.
504 4164 544 4234 o'.
562 4185 637 4256 530.
670 4170 736 4252 [Al.
755 4191 804 4234 ex.
823 4171 902 4234 Eur.
925 4170 1010 4251 184]

255 4278 467 4372 Ἀρῆσασθαι
488 4284 525 4348 ΙΙ.
544 4275 590 4374 ζ’.
607 4300 677 4369 115.

744 4417 767 4464 Q
786 4417 805 4462 2
