3200 5058
309 340 373 402 152
639 331 1021 397 ADVERSARIA

358 503 520 580 κτητικοῦ,
542 497 582 572 ὡς
608 493 773 591 Τυρσηνοὶ
799 495 872 566 ἀντὶ
899 501 960 565 τοῦ
983 494 1187 590 Τορρηνικοῖ.
1240 498 1352 563 Potius

358 628 466 683 temen
491 617 563 702 lego
581 607 802 708 Κοζικηνικὸν,
819 615 894 699 quia
916 615 960 679 ita
982 623 1031 679 est
1056 615 1144 700 apud
1164 613 1354 699 Aristopha-

358 756 432 798 nem
456 733 568 797 eodem
593 731 665 818 ipso
689 731 770 810 loco,
797 752 893 817 quem
920 731 1086 815 sequentia
1111 731 1227 795 diserte
1252 730 1354 816 respi-

358 850 459 914 ciunt.
507 849 594 912 Nem
610 870 683 932 quae
701 856 881 934 sequuntur
897 857 972 934 post
988 843 1132 924 μαλακία
1151 847 1281 912 omnino
1298 868 1354 910 ex-

359 966 535 1052 pungendo
567 987 692 1042 censeo,
723 973 836 1050 utpote
865 964 918 1028 hic
945 964 1080 1050 repetita
1105 965 1297 1051 importune,
1320 971 1379 1031 et5

358 1084 437 1169 lege,
455 1076 507 1146 καὶ
526 1072 645 1163 βάμμα
664 1073 889 1172 Σαρδιανικόν.
918 1080 1025 1145 Schol.
1043 1080 1208 1166 Aristoph.
1227 1071 1352 1156 Βάμμα

360 1190 583 1290 Σαρδωνικὸν,
601 1192 673 1262 ἀντὶ
697 1198 760 1261 τοῦ
782 1189 926 1289 ἐρυθρὸν,
951 1197 1125 1288 φοινικοῦν.
1177 1199 1223 1261 Et
1244 1197 1353 1260 Eude-

359 1337 452 1378 mus:
480 1305 606 1389 Βάμμα
634 1305 858 1402 Σαράιανικὸν,
880 1305 923 1379 τὸ
949 1307 1181 1405 ἐρυθρότατον.
1215 1309 1352 1399 λέγεται

359 1423 393 1495 δὲ
410 1425 463 1494 ἐπὶ
480 1429 545 1494 τῶν
563 1425 596 1493 ἐκ
613 1427 751 1515 πληγῶν
767 1425 956 1521 βαφέντον.
992 1429 1136 1515 Respicit
1148 1429 1234 1493 enim
1247 1429 1352 1494 locum

358 1545 524 1632 Aristoph.
542 1546 658 1610 Achar.
678 1547 751 1613 266.
767 1541 819 1610 ‘iva
840 1544 884 1623 μή
908 1572 948 1610 σε
968 1536 1078 1632 βάψω
1095 1536 1214 1626 βάμμα
1233 1539 1353 1636 Σαρδι-
1367 1565 1401 1603 ιο

359 1657 476 1726 ανικόν.
522 1662 672 1726 AElianus
691 1664 730 1726 de
750 1663 896 1748 puniceis
915 1665 1083 1728 Persarum
1100 1662 1263 1726 vestibus:
1289 1662 1353 1727 τῶν

360 1770 520 1854 άάομένων
532 1770 566 1840 δὲ
580 1772 797 1869 Σαράιανικῶν
811 1771 949 1871 άξάκερά
966 1805 1005 1845 τε
1021 1773 1073 1843 καὶ
1090 1773 1352 1870 τηλαυγέστερα.

358 1895 405 1958 At
432 1893 581 1958 scribitur
607 1887 820 1985 Σορδινιακὸν
844 1896 878 1959 in
904 1896 1103 1960 Acharneus.
1135 1903 1167 1960 et
1194 1895 1243 1959 cl.
1261 1895 1352 1961 Alex.

360 2030 420 2077 201
447 2009 480 2074 b.
515 2001 635 2091 βάμμα
665 2012 745 2098 γοῦν
775 2005 999 2103 Σαρδινιακόν.
1042 2033 1072 2077 ν.
1110 2013 1230 2076 Athen.
1260 2013 1303 2093 48
1321 2011 1352 2074 b.

360 2125 518 2218 Varroin
546 2127 686 2190 Hercule
710 2127 889 2192 Socratico:
917 2129 999 2192 Cubo
1024 2130 1059 2191 in
1081 2129 1283 2192 Sardinianis
1304 2137 1400 2203 ta-15

352 2244 489 2325 petimur,
507 2244 591 2306 inter
608 2245 790 2327 chlamydas
807 2251 838 2308 et
848 2265 1013 2327 purpurea
1030 2247 1174 2308 αοιὶοιιίο.

310 2352 419 2424 Βανόν
435 2360 458 2423 f.
475 2381 534 2444 pro
551 2354 663 2436 μανόν.

310 2468 437 2541 Βανκάν
454 2499 484 2542 ν.
503 2467 611 2548 Βάνος
628 2485 660 2543 et
677 2468 844 2567 Βάρακον.
869 2471 916 2543 ic.
935 2485 1083 2563 corrupte
1100 2499 1159 2562 pro
1177 2469 1337 2542 Μανικάν.

309 2585 431 2656 Burrio
449 2615 479 2657 ν.
498 2586 649 2682 Βαρεῑον.

309 2700 421 2774 Βάννα
456 2709 542 2773 Heb.
572 2721 669 2780 nm
703 2707 788 2784 filiae,
822 2717 855 2772 et
888 2709 1046 2774 mulieres.
1084 2709 1167 2774 Gen.
1193 2729 1276 2772 xxx.
1303 2726 1404 2774 12·2o

360 2826 438 2890 Jud.
467 2846 533 2888 ΧΠ.
557 2846 588 2910 9.
625 2847 656 2889 v.
680 2824 878 2888 Bochartum
907 2848 940 2911 p.
957 2847 1033 2911 419.
1069 2825 1108 2890 L.
1127 2815 1220 2889 Βάνα
1247 2822 1354 2887 series.

358 2962 389 3003 v.
409 2939 507 3002 Selm.
525 2940 564 3004 de
583 2940 753 3004 Hellenist.
771 2963 805 3026 p.
820 2956 872 3024 77.

310 3047 427 3134 Βάνος,
445 3047 591 3133 κλάσμα.
614 3066 762 3143 corrupte
779 3080 838 3143 pro
856 3049 1151 3146 Βάγος.-μορο’κ.
1178 3079 1209 3120 ν.
1227 3048 1355 3120 Βανκάν

360 3181 392 3236 et
409 3167 560 3237 Βανάσει.

309 3284 497 3356 Βανθῶσαι.
521 3313 552 3355 ν.
571 3280 689 3361 Βάνος.
1239 3294 1246 3306 ’
1368 3314 1402 3372 ²5

310 3397 449 3494 *Βάξις
465 3407 579 3471 AEsch.
597 3423 652 3492 45.
770 3390 773 3458 Ῐ

309 3515 423 3610 Βάξον
434 3524 485 3587 vel
503 3514 628 3610 Βάξιαν
645 3522 712 3587 solo
729 3517 756 3604 β
773 3521 881 3586 addito
897 3522 967 3585 loco
984 3521 1102 3585 AEolici
1119 3521 1332 3607 digammotis.

309 3632 481 3718 Βαπαῖνει,
498 3633 629 3703 ἐπαινεῖ.
655 3638 706 3703 vel
722 3632 781 3702 άπ.
808 3661 838 3701 ν.
857 3631 1025 3702 Βαταῖνει.

309 3745 485 3818 *Βαπτάν
502 3755 589 3838 apud
606 3755 686 3818 Eur.
708 3755 779 3840 196.
990 3815 992 3818 .

309 3861 395 3959 Βὰρ.
422 3869 536 3934 Chald.
555 3882 608 3939 ‘in
630 3869 725 3932 filius.
749 3869 793 3933 ite
811 3867 940 3957 Su[id].
987 3868 1051 3933 Sed
1068 3868 1153 3932 reser
1169 3869 1211 3933 od
1230 3890 1244 3933 1
1266 3868 1353 3935 Sam.
1364 3893 1405 3950 30

361 4006 391 4065 ο,
405 3987 455 4050 18.
481 3985 579 4048 LXX
597 4007 656 4070 pro
678 3997 739 4056 Π.

311 4093 419 4191 Βάρα.
447 4123 475 4164 ν.
494 4095 636 4192 Βαρεῖον
653 4109 685 4164 et
699 4091 849 4191 Ἰάρειον.

311 4209 498 4309 Βάραθρον.
517 4213 546 4282 ὅ.
565 4207 670 4299 βάθος
688 4219 757 4304 γῆς,
775 4211 910 4307 βόθρος.
942 4215 1010 4304 [Al.
1029 4239 1079 4282 ex.
1097 4193 1262 4302 Aristoph.
1280 4210 1348 4303 30.]

309 4328 521 4424 Βαρακινῆσι.
545 4333 567 4396 f.
586 4325 798 4422 Βαρακηνίσι.
839 4332 890 4396 Ita
907 4354 958 4396 en.
977 4328 1107 4419 Su[id].
1125 4325 1353 4424 Βορακηνὶκ,ἧ
