3154 5060
559 343 940 410 HESYCHIANA.
1209 347 1275 413 267

223 499 486 595 Ἐκινδάψασεν.
538 510 590 574 Itu
622 510 691 596 ipse
725 500 914 596 Κινδαψόι,
948 532 1046 595 quam
1080 511 1272 598 scriptmm

275 623 372 688 etiam
390 624 501 709 Etym.
519 625 676 709 agnoscit.
704 625 768 688 Alii
785 616 979 711 σκινδαψόι.

217 728 338 802 Ἔκιον
357 739 396 803 Il.
413 732 459 815 μ’.
477 741 548 826 138.
961 719 963 724 ¹

224 847 398 944 Ἐκίχανεν
416 855 456 919 ll.
478 848 526 937 β’.
543 857 593 921 18.

224 963 505 1063 Ἑκκαιὸεκᾶδωρα
524 972 564 1037 Il.
582 964 622 1035 8.
639 991 710 1056 109.
725 967 937 1037 ,παλαισταί
1286 1008 1302 1066 5

225 1080 444 1163 Ἐκκακοῦμεν
463 1106 481 1152 2
500 1086 576 1152 Cor.
593 1107 626 1168 4,
647 1107 675 1152 1.
701 1082 770 1164 ε’κμ.
793 1081 844 1150 ιἰκ.
862 1087 992 1152 Hamm.
1010 1082 1107 1164 ἆμελ.

225 1193 448 1289 Ἐκκανιίξειν.
473 1225 504 1266 v.
524 1193 701 1289 Διεκιίναξε
717 1210 759 1267 ὀι
772 1193 975 1289 Ἐ’γκιίναξε.
1004 1203 1073 1268 Jul.
1092 1204 1172 1268 Poll.
1189 1205 1211 1268 l.
1226 1225 1275 1268 10.

276 1339 305 1380 ο.
325 1337 377 1404 23.
418 1309 474 1381 Τὰ
501 1309 559 1393 μὲν
583 1308 754 1407 κιίναστρα
781 1311 961 1408 φελλῶδειο
985 1343 1068 1406 τινες
1093 1314 1276 1384 πινακίσκοι

277 1423 355 1496 είναι
370 1425 527 1510 δοκοῦσιν,
540 1427 602 1523 ἀφ’
615 1427 657 1497 ὧν
669 1426 721 1495 καί
731 1424 774 1497 τὸ
791 1426 991 1508 ἕκκενῶσαιίι
1008 1427 1126 1498 ἐκπιεῖν
1142 1426 1275 1522 κανᾶξαι

277 1542 428 1634 λέγουσι,
442 1541 493 1612 καί
509 1538 677 1634 ε’κκανοίξαι
696 1545 786 1636 θορν.
804 1569 834 1612 v.
849 1539 1005 1635 Κανᾶξας
1018 1556 1051 1612 et
1061 1539 1276 1639 Κάναστρον.
1290 1579 1325 1616 10

229 1653 461 1752 Ἐκκαχριίσω,
478 1655 660 1726 ἕκκοκκίσια.
681 1655 783 1727 ε’κκοκ.
799 1662 888 1746 apud
904 1661 1071 1748 Aristoph.
1089 1665 1165 1749 436.

229 1775 249 1814 ³¹²
263 1761 561 1856 Ἐκκεκολαμμίνα.
591 1799 622 1841 v.
640 1778 703 1840 Ex.
720 1780 774 1864 36,
793 1778 823 1840 8.

229 1886 467 1983 *Ἐκκεχειρία
484 1892 592 1957 series,
610 1914 640 1956 v.
655 1886 859 1983 Ἑκίχειρον.
876 1915 907 1956 ν.
925 1893 1034 1956 Tzetz.
1053 1894 1072 1956 8
1073 1908 1094 1978 5
1112 1892 1145 1957 b.

227 1985 449 2072 Ἐκκίκοσται
465 2056 474 2073 .
490 2001 677 2097 ..Ἀχαιῶν
694 2001 866 2093 συλλόγῳ,
884 2015 923 2070 ut
938 2007 1009 2092 ipse
1026 2007 1111 2072 alibi.
1259 2083 1261 2086 Ι

228 2116 293 2186 Ἐκ
309 2121 449 2200 κευθμῶν
467 2123 507 2186 Il.
527 2116 562 2186 ν’.
582 2122 634 2190 28.
652 2117 685 2185 ἐκ
701 2122 774 2186 τοῦ.
1292 2132 1326 2196 15

231 2231 502 2328 Ἐκκεχιλιομὲνη,
526 2228 721 2323 ἐψευσμένα.
766 2236 904 2299 Pausan.
930 2235 1019 2320 apud
1041 2235 1230 2320 Eust.773,
1251 2255 1279 2298 1.

281 2346 406 2440 su[id].
423 2352 535 2437 Etym.
553 2352 592 2416 de
609 2357 745 2434 utraque
763 2349 845 2434 sign.
865 2343 989 2436 Su[id].
1006 2349 1040 2411 in
1057 2341 1162 2424 Χιλῆ.

228 2460 557 2559 Ἐκκεχοιριλωμένη,
574 2460 629 2550 οὗ.
654 2463 796 2528 Casaub.
823 2463 864 2526 ad
888 2463 1008 2527 Athen.
1036 2484 1069 2546 p.
1083 2463 1154 2548 183.
1180 2451 1281 2524 1.τώ

281 2583 332 2648 vel
348 2580 398 2655 ὡς.
425 2584 483 2649 sed
498 2581 579 2648 nihil
595 2601 725 2646 necesse
742 2587 792 2645 est
808 2587 952 2643 mutare:
987 2572 1020 2640 ἐκ
1038 2577 1124 2642 enim
1142 2573 1281 2661 negandi

281 2700 347 2764 vim
386 2700 503 2766 habere
537 2705 655 2784 potest,
691 2704 729 2760 ut
764 2695 815 2770 sit,
852 2717 872 2758 α
901 2695 1035 2760 cmlv
1071 2693 1280 2756 amandanda.
1292 2714 1330 2751 20

281 2839 313 2882 v.
336 2807 560 2908 Ἐκχοίρηξις.
577 2851 628 2866 -
641 2802 853 2903 Ἐκφαντίδῃ
880 2799 959 2899 γάρ.
994 2830 1024 2874 v.
1054 2800 1216 2899 Χόριλον.
1250 2829 1281 2872 v.

284 2927 447 3003 Καπνίας.

230 3045 423 3126 Ἐκκληπεῖ.
440 3069 472 3112 v.
489 3040 657 3112 Ἐκλασεῖ.

225 3159 413 3240 Ἐκκλητοι
432 3155 524 3236 δίκαι,

234 3274 537 3360 Ἐκκολαβῆσαντα
574 3325 581 3340 .
605 3323 613 3338 .
648 3270 899 3365 ἐμφορήσαντα,
943 3273 1159 3348 comedentem,
1194 3273 1283 3334 devo·
1294 3293 1309 3330 2
1312 3287 1329 3350 5

284 3380 418 3460 κακίονα.
436 3415 467 3457 v.
482 3381 743 3471 Ἐνεκολιίβησε.

236 3503 464 3578 Ἐκκοίλιστοι
482 3529 541 3593 pro
555 3500 773 3571 Ἐκκιίλιστοι
795 3504 914 3568 Athen.
932 3503 1007 3585 678.
1033 3500 1102 3566 Jul.
1122 3500 1200 3564 Poll.

233 3624 301 3694 Ἐκ
318 3629 448 3692 κολεοῖο
467 3625 508 3689 Il.
526 3615 567 3687 α’.
589 3642 661 3708 194.

234 3735 482 3821 Ἐκκομοδαίειν
510 3761 571 3826 pro
599 3729 814 3812 ἐκκοδομαίειν
843 3782 879 3798 ..
910 3726 1059 3823 φρύγειν.
1095 3754 1125 3795 v.
1147 3722 1286 3796 Ἐκοιίο-

287 3855 403 3938 μἐιίετο
421 3865 453 3921 et
471 3847 621 3931 Κοδόμη.
1295 3867 1333 3922 30

239 3971 304 4040 Ἐκ
320 3969 438 4039 κόπων.
1263 3969 1266 3976 ’

250 4087 305 4156 Εκ
321 4083 455 4179 κόρυθος
473 4085 513 4152 Il.
528 4079 562 4150 α’.
575 4106 606 4167 4.

249 4199 434 4295 Εκκορῶσι,
454 4197 635 4292 σαίρουσιν,
657 4194 807 4264 ε’κκαλλιί.
834 4199 945 4284 Etyma
971 4192 1218 4284 Ἐκκορηθῆναι,
1239 4185 1287 4252 ἐκ·
1397 4261 1399 4266 Ι

290 4316 514 4393 καλλυνθῆναι.
561 4316 652 4382 Nihil
678 4325 788 4380 tamen
814 4312 1016 4379 mutandum.
1042 4332 1073 4375 v.
1098 4302 1227 4394 Su[id].
1253 4306 1287 4368 in

736 4451 763 4492 M
781 4451 815 4491 m
834 4449 852 4495 2

237 4087 246 4112 9

237 4201 246 4225 Ἰ
