3140 5054
314 374 358 436 34
654 371 1028 434 ADVERSARIA

317 533 401 616 Αίης
419 540 458 603 Il.
478 532 516 602 θ’.
539 555 609 622 172.

319 648 500 731 Αίῆσυλον.
518 677 549 718 υ.
566 647 669 728 'Aba

319 764 469 847 Αἵμνιον.

319 879 448 962 Α’ίητον
466 885 505 950 ΙΙ.
523 876 567 949 σ’.
584 903 659 965 410.
936 949 940 956 ,

319 992 469 1068 Αἷθαλιὰ
498 1001 601 1086 Hmp.
631 1006 664 1062 et
693 997 807 1083 Steph.
833 989 1026 1078 Αίθαλίθαι,
1053 1023 1109 1087 pp.
1141 994 1323 1087 (perperam
1335 1001 1364 1092 ἕ)
1376 1020 1393 1082 5

370 1110 494 1204 Su[id].
513 1115 578 1180 Sed
593 1138 624 1179 v.
644 1115 756 1199 steph.
774 1113 809 1178 in
826 1106 1006 1181 Βουπάθαι.
1033 1117 1122 1181 Ferri
1134 1125 1242 1182 tamen
1258 1126 1366 1204 potest

368 1222 529 1308 Αίθαλιὰ,
542 1230 654 1315 steph:
666 1229 753 1292 enim
770 1229 918 1294 observat
935 1228 1080 1302 αἰθαλεῖς
1096 1233 1159 1296 dici
1175 1227 1251 1302 ποὺς
1268 1226 1367 1310 δημό-

367 1371 440 1426 πας,
457 1346 545 1432 quod
562 1345 768 1410 scribendum
784 1344 912 1410 videtur
927 1339 1109 1426 Αἰθαλιςῖς,
1127 1348 1168 1412 ob
1185 1339 1347 1414 Αἵθαλιιί.

318 1454 520 1528 *Αίθαλόεν
536 1458 649 1525 AEsch.
667 1474 721 1546 57.

318 1569 423 1654 Α’ίθης
440 1570 578 1646 πέπλος.
597 1569 643 1640 Κ.
662 1567 925 1657 Κλεοβουλίναις
942 1577 1021 1641 Ath.
1377 1602 1413 1640 ιο

317 1686 453 1762 Α’ίθινος
468 1685 590 1762 καπνός
607 1693 718 1778 Etym.

317 1800 524 1874 Αίθιόπαιθα
537 1857 545 1872 .
556 1853 565 1872 .
578 1796 766 1898 ,Ἄρτεμιν
781 1807 894 1893 steph.
907 1799 1090 1873 Αἰθιοπίαν
1101 1797 1365 1899 vocat-”Aprem

368 1925 403 1989 in
419 1917 612 2001 Αἶθιόπιου,
630 1924 688 1989 ubi
703 1925 785 1989 forre
803 1923 1007 1988 scribendum
1023 1916 1214 1994 Αίθιόπαις.

317 2032 459 2110 Α’ίθιιςις.
487 2041 599 2126 Steph.
618 2041 653 2104 in
670 2033 818 2106 Αίθικία.
844 2041 883 2104 Il.
901 2034 949 2122 β’.
968 2057 1042 2124 744.

318 2147 455 2246 Αίθρία.
471 2149 727 2247 ’Υπερβορείους
744 2150 787 2220 α’ί.
805 2150 914 2246 στίφη
929 2151 1052 2244 Sui[d].
1071 2156 1127 2221 sed
1144 2156 1259 2242 opinor
1270 2155 1364 2220 male.
1377 2176 1413 2236 15

368 2292 399 2334 v.
418 2263 551 2362 Στὲφη.

319 2378 516 2456 Αίθιόλικας
533 2386 645 2472 Etym.
663 2385 754 2449 Erot.

318 2495 427 2568 Αίθον
449 2505 484 2566 λ.
507 2495 640 2593 πυρρόν.
672 2498 730 2588 [Ιη
752 2501 792 2564 al.
811 2523 860 2564 ex.
878 2499 992 2585 Eurip.
1016 2494 1115 2566 Ἱκετ.
1137 2524 1170 2587 p.
1189 2522 1265 2588 319.
1282 2493 1367 2592 πρὸς

369 2611 404 2682 δὲ
436 2621 528 2684 τοῖσι
562 2612 720 2708 χείματος
750 2610 991 2707 Προθλῆμαπ’,
1022 2608 1116 2682 αἶθον
1145 2608 1363 2704 ἐξαμύνασθαι

371 2726 472 2820 θεοῦ]
1377 2762 1416 2800 20

320 2841 462 2913 Α’ίθονα.

318 2957 487 3040 Α’ίθουσα,
504 2956 650 3026 καίουσα.

319 3073 459 3144 Α’ίθοπα
478 3069 563 3143 οῗνον
581 3078 620 3142 ll.
639 3071 680 3142 α’.
697 3081 773 3160 462.

320 3187 504 3271 *Atoov'aq
524 3194 563 3258 Il.
581 3187 612 3258 ι’.
630 3194 709 3274 468.

319 3301 467 3400 Αίθρος.
484 3358 492 3374 .
507 3305 673 3402 .ὅρθριον.
700 3309 811 3392 Etym.
830 3295 961 3398 ὀρεινὸν,
979 3309 1087 3373 ναίους
1104 3316 1200 3373 recte.
1294 3365 1300 3376 .
1377 3327 1415 3392 25

320 3419 476 3516 Α’ίθρυλα
493 3425 604 3511 Etym.
627 3415 787 3500 Α’ίθυσμα
805 3443 858 3509 32,
875 3441 928 3508 54.
951 3447 984 3510 p.
1004 3439 1056 3508 77.
1079 3423 1190 3488 scribit
1211 3417 1367 3510 αἴθυγμα,

369 3541 457 3624 quod
473 3539 599 3604 melius,
619 3528 742 3625 sui[d].
761 3547 793 3601 et
810 3538 905 3604 Eust.
921 3555 996 3626 473,
1007 3555 1061 3622 47.
1078 3533 1126 3603 ίσ.
1144 3533 1295 3624 κίνυγμα.

320 3647 447 3744 Α’ίθρῳ,
465 3653 525 3739 τῷ.

320 3761 460 3838 Αἰθυίας
476 3760 583 3837 ἄνθος.

320 3874 521 3947 Α’ἶθιίνεσθαι
539 3884 573 3945 λ.
591 3878 657 3973 αἱρ.
675 3877 706 3946 ἆ.
724 3907 753 3946 κ.
790 3885 905 3968 Ipsum
922 3893 1030 3950 autem
1048 3877 1146 3950 Αίθύ.
1164 3879 1212 3948 ίσ.
1228 3905 1288 3969 pro
1304 3875 1370 3948 Α’ί-
1378 3912 1419 3969 30

369 3994 482 4061 νυσθαι
499 3997 587 4080 quod
603 4018 634 4060 v.

320 4104 512 4187 Αίθιίσσειν,
529 4105 697 4176 ἆνασείειν.
729 4107 909 4204 Σοφοκλῆς
933 4109 1056 4180 Σίνωνι.
1081 4106 1130 4178 ἰ’σ.
1153 4107 1369 4180 ἆναιθθσσειν.

369 4249 401 4290 v.
419 4218 615 4292 Ἀναιθιίσω.
645 4225 711 4309 [Al.
730 4251 778 4294 ex.
797 4223 960 4294 Αίθιίσσει
980 4230 1073 4294 Pind.
1090 4223 1158 4316 71.]

320 4333 435 4412 Ἀἴκᾶς
453 4341 492 4404 Il.
510 4335 548 4405 α’.
568 4356 641 4426 709.

320 4449 419 4521 Α’ίκεν
438 4456 478 4519 11.
