3140 5054
336 378 378 438 14
665 372 1050 436 ADVERSARIA

335 534 515 627 Ἀγκλίνας
529 587 536 602 .
552 587 559 602 .
573 536 612 607 uic
634 531 677 603 τὸ
700 533 891 624 Ἀγκλίνας,
915 531 1061 627 πρόσθεν
1087 527 1121 599 δέ
1147 526 1230 611 σάκη
1255 529 1379 623 σχέθον

386 656 425 719 Il.
443 648 480 718 θ’.
503 676 573 741 113.
610 655 704 718 Eust.
723 655 765 717 ad
782 654 846 718 Od.
863 646 909 742 χ’.
931 655 1002 736 156.
1019 642 1185 715 κάλλιπον
1212 645 1377 737 ἀγκλίνας.

274 833 278 844 ,
383 766 558 835 τουτέστιν
576 762 716 856 ἀνοίξας,
734 792 773 832 ex
792 769 898 833 Schol.
916 777 978 832 vet.
997 760 1187 852 Ἀγκλίνας,
1205 758 1343 854 ἀνοίξας.

326 881 542 973 Ἀγκλειτοι,
560 910 601 951 an
619 894 768 970 corrupte
785 906 844 970 pro
861 875 1093 970 'Aprirhwor?

334 996 514 1088 Ἀγκόλαι.
543 1001 577 1067 S.
592 993 769 1087 Ἀγκιίλαι.
1387 1023 1404 1086 5

335 1112 521 1204 Ἀγιιοῖναι.

334 1228 498 1320 Ἀγκόνος
521 1233 629 1296 series.

335 1343 516 1434 Ἀγκόνονς
531 1370 561 1412 ν.
576 1349 669 1411 Voss
688 1348 798 1433 Etym.
816 1350 953 1412 Ancilla.

332 1457 547 1550 Ἀγκοίνησιν
566 1464 604 1527 Il.
622 1456 666 1550 ξ’.
686 1483 758 1549 213.

335 1572 498 1669 Ἀγκορές
514 1580 594 1643 forte
612 1586 761 1663 corrupte
778 1601 837 1663 pro
855 1573 976 1668 ἀκαρές.
1391 1607 1427 1644 ιο

335 1686 496 1779 *Ἄγκος
513 1695 593 1756 Eur.
611 1694 729 1756 Bacch.
751 1715 843 1777 1049.
1284 1773 1287 1780 .

332 1803 527 1895 Ἀγκοτνλη
545 1818 693 1894 corrupte
710 1832 769 1894 pro
783 1804 847 1873 Ἐν
863 1804 994 1896 κοτύλῃ.
1012 1832 1043 1872 v.
1062 1809 1186 1872 Meurs.
1203 1809 1254 1872 vel
1270 1807 1379 1893 potius

386 1916 588 2009 Ἐγκοτιίλη.

334 2032 620 2130 *Ἀγκρινάμεναι
638 2041 752 2103 AEsch.
772 2058 844 2126 273.

333 2149 545 2245 Ἀγκτῆρες.
562 2201 593 2218 ..
608 2151 709 2220 τόποι
729 2157 840 2242 Etym.
1391 2168 1403 2205 ¹
1409 2162 1426 2226 5

335 2263 514 2356 Ἀγκάλας.
541 2267 614 2357 ὀγκ.
633 2297 685 2334 σκ.
704 2272 805 2356 quid?
850 2272 945 2335 Certe
963 2264 1176 2360 Ἀγκῦρισμα
1195 2272 1316 2341 σκεῦος.

336 2383 358 2425 *
372 2379 611 2472 Ἀγκιθιεσθαι,
629 2378 851 2463 κάμπτεσθαι.

335 2497 485 2589 Ἀγκύλη
501 2497 705 2588 ..ἀγκῶνος.
724 2551 730 2566 .
747 2527 781 2588 γ.
808 2502 974 2593 χρήσιμον
995 2501 1037 2574 είς
1062 2495 1249 2584 κοττάβους
1264 2551 1272 2566 .
1286 2552 1293 2568 .
1307 2552 1314 2567 .
1329 2529 1380 2566 κυ-

385 2618 537 2687 κλοῦντες
555 2613 652 2694 αὐτὴν
669 2619 764 2682 Eust.
782 2640 858 2706 344,
878 2640 928 2685 21.

334 2725 527 2818 Ἀγκιίλονς.
546 2727 622 2802 τοὺς
639 2730 829 2810 ἐπικαμπεῖς
852 2734 898 2818 [in
916 2735 956 2798 al.
970 2757 1095 2820 exemp.
1112 2729 1187 2804 τοὺς
1204 2728 1373 2818 roureio]
1392 2756 1428 2794 ιο

335 2841 594 2933 Ἀιγκυλομιὶτεω
613 2849 651 2912 Il.
670 2843 717 2930 β’.
738 2870 812 2934 205.

332 2955 582 3050 Ἀγκυλάτοξοι
602 2965 641 3028 Il.
658 2957 695 3028 κ’.
713 2967 788 3047 428.

332 3071 599 3168 Ἀγκυλοχείλης
616 3080 793 3165 Epitheton
812 3080 926 3164 aquilae
944 3083 1031 3166 apud
1048 3081 1213 3166 Aristoph.

327 3187 506 3284 Ἄγκνρα.
522 3243 550 3259 ..
566 3189 705 3285 Φαίδρα.

327 3302 502 3400 Ἀγκνρις,
519 3309 646 3400 μηχανή
664 3335 714 3380 τις
733 3312 822 3398 Sept.
841 3315 894 3376 66.
917 3303 989 3406 [ie.
1004 3313 1092 3397 Sept.
1109 3313 1193 3376 Flor.
1206 3311 1379 3375 Christian.
1391 3333 1427 3395 25

386 3427 427 3489 ad
443 3427 608 3512 Aristoph.
628 3427 716 3510 Pac]

335 3536 557 3634 Ἀγκύρισμα,
576 3536 690 3634 σχῆμά
707 3571 742 3610 τι
759 3546 810 3610 vel
827 3545 901 3610 τῶν.

335 3651 589 3748 Ἀγκνροβολῶ.

332 3766 577 3862 Ἀγκυρόβολα
595 3769 749 3845 Φοίνικες.
802 3778 897 3839 Forte
920 3777 1126 3861 proverbialis
1152 3779 1271 3842 locutio
1293 3777 1380 3862 quod

386 3888 554 3952 Phoenices
567 3899 769 3956 mercatores.
782 3889 821 3962 ὡς
832 3888 979 3983 αι’σχύην.
990 3895 1086 3978 quid?
1098 3889 1144 3958 ίσ.
1156 3892 1195 3964 ὡς
1205 3887 1380 3984 Αίσχιλος
1390 3916 1429 3972 30

382 3999 415 4067 έν
433 3995 616 4080 Λιμένισιν,
631 4007 681 4070 vel
698 4006 721 4070 f.
737 4000 923 4084 Εὗμένισιν,
943 4018 976 4073 at
994 4009 1027 4072 in
1046 4011 1282 4074 Eumenidibus
1299 4009 1380 4073 nihil
1510 4048 1512 4054 ν

383 4120 457 4183 tale.
510 4120 580 4183 Imo
597 4114 649 4183 καί
667 4116 858 4198 ἐλλιμένιον.
1076 4123 1078 4127 ’
1121 4104 1127 4110 ’

332 4226 579 4328 Ἀγκωλιάζοιν.
607 4245 755 4322 corrupte
772 4260 831 4322 pro
848 4231 1068 4332 ἀσκωλιάζων.
1122 4241 1197 4326 Ipse
1212 4235 1380 4306 Ἀσκωλί-

384 4342 504 4441 ζοντες.
543 4351 642 4414 Arist.
671 4377 706 4416 π.
732 4343 818 4444 ζώων
844 4349 977 4444 πορείας
1002 4378 1032 4419 c.
1050 4377 1082 4436 4.
1108 4348 1378 4448 Ἀσκωλιάζονσι

382 4460 839 4557 ῥᾶονέπίτοΐςάριστέροις.
968 4500 978 4511 ·
1390 4474 1426 4534 35
