3154 5060
542 331 929 399 HESYCHIANA.
1197 333 1266 404 289

219 493 255 563 Ε
268 548 276 564 .
291 549 300 567 .
316 546 324 565 .
338 495 455 591 τρίτου
471 503 591 592 παρελ.
616 522 682 565 non
705 499 791 564 enim
816 499 914 566 habet
931 499 1041 585 Etym.
1068 499 1125 584 qui
1150 501 1262 565 eodem

266 617 374 693 trudit,
392 625 449 680 eut
464 617 526 702 leg.
543 612 661 708 τρίτου
677 638 722 682 sc.
739 613 931 708 προσώπου,
947 624 986 680 ut
1002 623 1086 680 ante.
1140 617 1263 682 Home·

267 754 340 797 rum
365 733 505 818 respicit,
523 733 610 818 apud
627 753 724 818 quern
744 728 792 797 ita
815 734 999 818 usurpetur.
1053 732 1092 795 ln
1117 732 1263 818 proxima

266 848 289 912 l.
308 840 353 925 ὂν,
371 843 497 927 ἑαυτὴν,
511 841 618 914 ἑαυτὸ.
632 849 703 913 vult
719 848 807 913 enim
825 869 894 912 esse
911 841 1109 924 εἰντιενυμῖαυ
1125 850 1261 939 πριγενῆ

266 986 333 1028 non
350 963 458 1028 minus
475 987 573 1049 quarn
590 961 605 1028 ἕ
623 963 816 1029 encliticam.
838 987 869 1028 v.
886 955 949 1027 Ἑὲ
965 971 999 1028 et
1008 953 1124 1029 Ἔθεν.
1271 980 1288 1039 s

210 1071 283 1143 Ἔα
302 1080 341 1144 ll.
356 1072 397 1144 α’.
413 1083 485 1165 276.
512 1075 530 1157 ἦ
547 1075 593 1157 ἦν,
606 1075 635 1158 ἧ,
649 1077 807 1171 ὑπῆρχον.
827 1080 867 1145 11.
882 1073 915 1146 ε’.
931 1081 1004 1164 887.
1022 1077 1133 1166 Etym.
1148 1079 1260 1145 (iram.

269 1195 329 1261 Gr.
355 1218 389 1283 p.
408 1217 461 1284 92.

214 1305 337 1399 'ansp
348 1321 533 1378 rectumsst
544 1306 611 1400 ἇγῆ
622 1321 655 1377 et
663 1315 805 1400 καταηῆ.
818 1312 972 1399 Hippoor.
979 1313 1054 1396 486,
1063 1333 1113 1382 21.
1122 1301 1260 1402 ν.”Αγη.

214 1421 329 1516 'Erinyn
347 1429 386 1493 Ii.
406 1423 451 1516 γ’.
469 1433 544 1516 367.

209 1536 343 1621 Ἕαδεν,
358 1544 488 1636 ἤρεσκεν
506 1545 628 1612 Herod.
642 1566 705 1634 333
724 1553 757 1609 et
772 1544 857 1610 aiibi.
875 1543 916 1609 ab
935 1536 1001 1608 ἅδεα
1017 1539 1153 1635 ἀρέσκω,
1170 1538 1260 1612 iaia.
1273 1571 1309 1609 ιο

267 1663 378 1747 Etym.
409 1662 603 1727 Posteriores
620 1662 898 1748 interpretationes
915 1681 982 1726 non
999 1661 1153 1746 intelligo.
1178 1663 1260 1726 forte

266 1787 355 1842 extre
371 1778 478 1842 locum
496 1801 593 1844 suum
610 1787 696 1844 sunt.
707 1769 828 1872 Ἧρεν,
841 1773 992 1870 ἀφεῖλεν.
1015 1775 1082 1866 [ΑΙ.
1096 1802 1145 1844 ex.
1158 1781 1261 1866 Apol·

264 1893 387 1958 londo
405 1893 540 1980 Syntoxi
561 1917 610 1984 13,
626 1891 692 1982 25.]
992 1911 994 1914 ’

214 2001 365 2074 'Emisit-a
384 2011 424 2075 Il.
443 2004 473 2075 ι’.
491 2028 562 2100 173.

214 2119 341 2195 Ἐακῶς
350 2175 372 2191 ..
381 2176 389 2193 .
398 2123 632 2219 παρῃτημένος,
645 2123 907 2204 ἀναπεπαυμένος
921 2127 968 2192 Su
974 2123 1050 2214 [id].
1059 2137 1091 2194 et
1097 2129 1172 2216 Cyr.
1179 2130 1258 2194 Lex.
1272 2149 1305 2208 15

213 2234 326 2320 Ἑᾶλη
345 2243 383 2308 ΙΙ.
402 2237 437 2308 ν’.
454 2245 531 2326 408.
549 2235 744 2320 συνεστάλη.
785 2243 860 2308 sch.

213 2353 352 2437 Ἐαλός,
369 2383 409 2424 an
428 2369 577 2446 corrupte
594 2383 653 2446 pro
668 2353 824 2447 Ἐαγῶςὶ
852 2361 903 2424 Its
923 2367 1015 2445 puto.
1067 2360 1162 2427 Certe
1180 2363 1257 2449 Cyr.

266 2478 345 2542 Lex.
360 2469 500 2564 Ἐαγὸς,
518 2471 740 2569 πεθραυμέυος.
791 2477 843 2540 Er
864 2485 1001 2562 utroque
1031 2480 1093 2565 leg.
1113 2471 1258 2568 'napos

265 2587 513 2683 τεθραυσμένος.
549 2593 687 2656 Aratus:
706 2583 843 2683 Δράκων
860 2588 936 2684 περί
951 2590 984 2658 τ’
1001 2589 1092 2686 ἀμφί
1106 2590 1137 2660 τ’
1155 2591 1259 2683 εἀγιλς

267 2703 405 2800 Μύριος.
423 2709 478 2775 ἰ.ε.
495 2717 533 2773 ut
544 2710 614 2774 vult
623 2710 722 2787 Theo,
733 2701 797 2774 ὑπὸ
814 2700 1021 2800 τᾶςᾶρετους
1037 2704 1089 2774 καὶ
1106 2705 1182 2803 περὶ
1198 2703 1259 2782 τὰς
1270 2733 1308 2773 no

266 2818 403 2917 ἄρκτους
415 2821 640 2905 κεκλασμένας.
653 2849 683 2891 v.
697 2826 771 2891 Soh.
784 2825 948 2912 Aristoph.
961 2825 1074 2895 28b.v.
1083 2818 1257 2915 Κατεάγη.

216 2937 300 3008 ’Eris‘
317 2944 356 3008 Il.
374 2938 413 3008 o'.
430 2960 504 3031 347.

214 3050 334 3129 Ἑανός
348 3107 356 3124 .
371 3107 379 3123 .
394 3051 485 3149 παρὰ
500 3109 508 3126 .
524 3055 639 3124 ,ἑανοῦ
655 3051 690 3124 δὲ
705 3084 804 3124 κασσ.
823 3060 863 3125 ΙΙ.
881 3053 924 3125 σ’.
938 3063 1012 3127 612.
1039 3056 1118 3147 ἑανῷ
1136 3053 1171 3126 δὲ
1186 3055 1256 3127 λιτὶ

245 3171 299 3260 (ll.
310 3168 353 3239 α’.
364 3196 383 3262 3
386 3173 443 3261 52)
454 3172 619 3266 περιβολῇ
628 3170 779 3263 >iffi-ui]
792 3177 877 3262 λιτῷ
891 3173 1003 3267 περιβ.
1016 3177 1090 3242 Sors
1104 3199 1135 3243 v.
1147 3179 1257 3264 Etym.

213 3285 352 3357 Ἑανῶν.
377 3287 424 3357 ἵσ.
440 3283 550 3357 Ἑάων
567 3318 598 3358 α.
612 3317 641 3357 κ.
656 3286 793 3358 Ἐανῶν
820 3293 901 3358 alter
915 3306 995 3356 corr.
1270 3312 1304 3370 25

209 3401 353 3475 Ἔανσο.
377 3402 425 3473 io.
443 3399 613 3486 ε’κᾶθησαυ.
638 3403 740 3486 ἧνται,
757 3403 846 3486 ἧντο,
863 3403 987 3488 ἔανται,
1009 3402 1117 3473 ἕαντο.

209 3518 319 3615 Ἔαξε
337 3526 377 3592 Il.
396 3519 434 3603 η’.
453 3541 526 3610 270.

207 3637 303 3736 Ἔαρ
318 3693 326 3709 .
341 3691 349 3708 .
362 3647 572 3734 τριμηνιαῖος.

216 3753 397 3854 ’Eripe-epo,
423 3754 709 3852 ’Rapit-spelm.
728 3759 804 3846 Cyn

214 3869 401 3969 Ἐαρτέρου
417 3877 555 3944 Nicand.
576 3875 689 3968 [Ther.
708 3870 801 3966 386]
819 3876 880 3942 τοῦ
895 3870 1000 3968 ἔαρος,
1016 3871 1035 3954 ἦ
1052 3872 1185 3968 εἀριυοῦ.
1268 3893 1306 3951 30

214 3987 340 4061 Ἐἃσαι
359 3997 398 4062 Il.
416 3988 455 4061 (λ.
472 4015 525 4078 42.

208 4103 339 4176 Ἔασεν
357 4113 396 4176 Il.
415 4105 453 4177 δ’.
473 4115 546 4181 226.
570 4113 652 4176 forte
677 4111 803 4198 legend.
815 4101 972 4176 Ἒασκεν.
999 4111 1039 4177 Il.
1057 4104 1103 4194 β’.
1121 4113 1195 4198 832.
1221 4119 1259 4174 ut

267 4226 344 4313 Cyr.
362 4228 440 4291 Lex.
456 4218 606 4304 Ἐάσκει,
623 4222 726 4317 ἀφίει.

208 4336 317 4408 Ἔασι
338 4343 376 4408 Il.
396 4337 440 4430 γ’.
460 4347 531 4428 163.
