3154 5060
285 367 351 431 280
617 365 1003 430 ADVERSARIA

287 549 417 625 Διπλῆν
436 549 475 612 ll.
492 542 531 614 κ’.
549 568 619 636 134.

288 665 435 736 Διπλοιῖς
451 659 483 730 ἆ.
501 666 623 732 Zenob.
643 715 651 730 .
665 716 673 732 .
686 659 949 748 παλιμβόλους.
981 663 1163 730 Posteriora
1178 663 1266 728 verbi
1282 662 1333 728 in-

340 781 402 847 seri
418 782 533 847 debere
550 783 701 847 videntur
717 783 804 870 apud
820 782 942 847 Zenob.
961 790 1035 846 ante
1052 781 1251 868 Epigmmm.

290 892 438 964 Διπόλια
450 947 458 962 .
470 948 478 965 .
491 892 561 964 ,καὶ
575 890 657 969 ellos·
675 891 722 964 A.
741 899 840 980 Male,
851 906 901 964 est
914 898 1000 964 enim
1014 890 1155 964 (λιποὸἶα.
1166 896 1331 984 Aristoph.

339 1017 414 1101 569.
433 1014 565 1100 Su[id].
583 1039 626 1080 m.
645 995 823 1082 Δισποδία.
1344 1009 1362 1070 5

291 1125 450 1211 Δι’πολοι,
468 1124 592 1196 διπλαῖ.
619 1125 729 1222 Αἶσχ.
747 1156 806 1225 πρ.

290 1241 448 1326 Δι’ππνον,
464 1242 598 1338 μέτρον·
623 1245 656 1312 οἱ
672 1241 706 1314 δὲ
723 1246 751 1324 ἡ.
779 1243 935 1338 Κύπριοι.

291 1358 458 1454 Δίππνχα.
485 1364 524 1430 Il.
543 1358 584 1430 α’.
603 1368 664 1448 461
686 1365 761 1430 Sch.

291 1473 454 1557 Δι’σδημαι
471 1481 606 1546 Theocr.
625 1482 674 1546 Id.
696 1485 748 1560 16,
767 1483 819 1547 68.

290 1587 502 1688 Δισκᾶζεται.
528 1591 575 1662 lo.
602 1605 752 1684 corrupte
774 1621 834 1684 pro
859 1588 1048 1692 Δικάζεπαι.
1075 1597 1133 1662 sed
1153 1619 1184 1662 v.
1202 1590 1335 1671 Δι’σκην.
1349 1613 1388 1652 10

340 1703 563 1804 ὑπερβάλλειν
579 1715 659 1778 forte
682 1715 723 1779 ad
746 1707 886 1780 δίσκοισι
912 1714 1061 1800 pertinet.
1099 1714 1176 1778 Ver.
1195 1708 1335 1788 Δι’σκειν,

341 1821 359 1903 ἢ
378 1821 482 1908 δίκειν,
500 1821 733 1920 ὑπερβάλλειν.
759 1833 847 1917 quod
865 1832 912 1897 H.
928 1831 1042 1918 Steph.
1059 1829 1227 1916 approbat.

292 1938 457 2035 Δι’σκονρα
475 1945 514 2009 Il.
533 1937 589 2033 ψ’.
608 1962 649 2032 52
652 1963 686 2033 5.

293 2051 532 2153 *Διυλῖζοντες
549 2063 646 2128 Matt.
666 2084 721 2150 23.
737 2083 788 2146 24.

293 2173 471 2269 Διφατεύει
489 2179 595 2246 εεῑίεε.
1353 2193 1389 2257 ⁸5

293 2291 537 2387 Διφρηλασίας.

293 2408 445 2503 Δι’χαλον
462 2405 575 2507 ζυγόν.
595 2463 603 2480 .
617 2465 624 2481 .
637 2464 646 2480 .
657 2411 848 2505 χηλεύμαπα
860 2465 868 2480 .
881 2463 890 2480 .
903 2461 911 2480 .
925 2407 1017 2506 παρὰ
1033 2415 1082 2500 τῷ
1098 2413 1220 2502 ποιητῇ
1236 2404 1340 2504 χηλός

342 2525 479 2616 λέγεται
498 2553 594 2617 saepe.
619 2555 651 2597 v.
668 2525 794 2609 Χηλός.

294 2643 487 2736 *Διχηλοῦν
505 2647 584 2714 Lev.
606 2669 655 2725 11,
670 2671 700 2736 3.
718 2639 827 2719 ὁπλὰς
844 2644 936 2740 ἔχον.

293 2757 475 2854 Διχθαδίας
493 2765 533 2828 ll.
552 2760 583 2830 ι’.
600 2787 676 2848 411.
1352 2775 1394 2814 ²⁰

294 2874 438 2969 Δι’χολοι
455 2927 560 2947 .....
574 2877 719 2973 Δι’χολοι
737 2882 873 2970 γνῶμαι.
900 2876 1032 2974 ἡόργῆ,
1050 2876 1136 2975 ὀργὴ
1159 2873 1193 2946 δὲ
1212 2873 1342 2972 τρόπος

345 3018 385 3060 ex
402 2997 525 3062 Zenob.

296 3107 533 3202 Διχομηνία...ἰἰ
546 3117 604 3193 τῆς
614 3110 778 3205 e.Su[id].
797 3109 1025 3207 Διχομηνιαῖα.
1039 3110 1107 3204 [Al.
1113 3137 1162 3180 ex.
1171 3114 1264 3179 Pind.
1270 3107 1344 3201 31].

296 3221 466 3319 Διχόνοια.

293 3343 542 3436 *Διχοσπατειῖ
569 3348 650 3414 Eur.
673 3370 744 3431 142.
1352 3364 1393 3424 25

296 3461 590 3553 *Διχοπομῆμαπα
609 3467 729 3532 Ezeoh.
748 3487 799 3549 14.
810 3486 843 3548 4.

296 3571 409 3667 Alpa.
432 3590 581 3668 corrupte
603 3605 662 3670 pro
680 3579 717 3647 Δ’
736 3574 831 3670 {xlae
857 3581 914 3646 sed
936 3604 967 3645 v.
985 3572 1115 3667 Δι’ψιον
1136 3588 1169 3646 et
1191 3573 1340 3646 Καπαδῖ-

346 3687 442 3783 ψιον.
468 3693 537 3787 [Al.
554 3722 604 3765 ex.
623 3691 735 3788 Ac'xltat
753 3723 783 3764 v.
802 3689 931 3786 Δι’ψιον
948 3705 981 3762 et
998 3690 1242 3786 Πολνδίψιον.]

296 3802 415 3898 Διψὰς
429 3860 437 3876 .
453 3862 462 3878 .
477 3862 485 3878 .
499 3806 637 3891 ἥπατος.

297 3919 436 4015 Δι’ψιον,
452 3925 514 4012 βλ.
534 3931 709 4018 Sophocles
726 3933 814 4020 apud
830 3931 939 4019 Apoll.
959 3931 1033 3996 soh.
1049 3946 1120 4018 175.
1146 3954 1177 3997 ν.
1196 3922 1343 3996 Πολνδί-
1354 3950 1397 4006 30

347 4035 433 4132 ψιον
452 4047 491 4114 Il.
509 4040 550 4114 δ’.
567 4064 638 4134 171.
657 4058 690 4114 et
708 4050 783 4116 Sch.

298 4151 592 4257 Δι’ψιον,·”Αργος.
612 4166 724 4253 Steph.
739 4159 901 4237 Ἡσίοδος
917 4188 980 4231 vox
997 4174 1156 4253 suspecta.
1183 4165 1249 4230 Sed
1263 4165 1342 4230 Hes.

347 4287 428 4364 puto
445 4304 510 4346 non
527 4283 765 4370 interpretatur,
784 4284 841 4348 red
863 4283 943 4348 dixit
965 4291 1093 4348 tentum
1110 4275 1246 4374 Ἀργος
1271 4273 1345 4346 ἄνυ-

349 4387 435 4487 δρον.
464 4421 494 4463 v.
514 4400 619 4466 Strab.
637 4418 701 4489 370
719 4400 757 4466 C.
785 4418 845 4488 371
867 4402 907 4466 B.
961 4400 1104 4467 Celebris
1130 4397 1345 4466 controversia
