3154 5060
311 337 376 404 278
644 332 1023 400 ADVERSARIA

309 495 529 592 Ἐμαραένετο
548 501 587 567 ΙΙ.
606 492 662 590 ψ’.
682 502 755 570 228.

312 607 543 708 Ἐμαρνάσθην
561 617 600 680 11.
618 609 657 694 η’.
675 636 750 702 301.

309 729 464 818 Ἐμαντῷ
487 726 701 814 βαλανεύσω.
717 781 725 798 .
741 729 866 819 ,ἐαντῷ
891 758 942 804 τις
967 731 1089 802 Zenob.
1115 731 1198 798 male
1224 725 1353 817 Su[id].

361 851 423 917 Est
447 857 555 916 autem
579 849 785 920 Proverbium
808 871 848 916 ex
870 849 1036 936 Aristoph.
1054 849 1261 934 desumptum
1278 851 1353 934 476.

362 959 462 1030 Ἀλλ’
489 963 518 1030 εἰ
542 966 649 1032 ταῦτα
677 959 771 1044 δοκεῖ,
797 960 888 1054 κᾶγιέ
914 962 1039 1052 ’μαντῷ
1068 959 1271 1048 βαλανεύσω.
1297 964 1381 1034 ubi5

362 1082 470 1149 Schol.
492 1082 631 1148 breviter
652 1083 861 1169 desumptum
884 1104 954 1148 esse
979 1082 1024 1148 ait
1048 1073 1116 1148 ἀπὸ
1141 1081 1205 1146 τῶν
1230 1077 1355 1150 ἑαυτοῖς

360 1193 557 1289 ἐπιχεόντων
570 1191 662 1289 ὕδωρ,
676 1192 694 1275 ἢ
707 1192 784 1270 τοὺς
801 1189 964 1281 βαλάνους
981 1192 1192 1290 κρυπτόνταν
1204 1197 1253 1282 τῷ
1267 1191 1353 1288 πνμέ.

312 1307 513 1398 *Ἐμβάδια
530 1339 560 1382 ν.
579 1315 730 1384 Ammon.

309 1423 497 1513 Ἐμβαδόν,
515 1422 609 1524 πεζῇ.
634 1431 673 1496 ll.
692 1424 731 1495 o'.
748 1445 812 1517 505
830 1431 905 1496 sch.

310 1539 507 1630 Ἐμβᾶἐιον.
524 1570 555 1612 v.
569 1536 757 1628 Ἔμβαέον.

303 1657 468 1746 Ἔμβαλε
483 1664 596 1752 κυλλῇ.
620 1662 838 1728 Proverbium.

309 1770 509 1860 Ἐμβᾶλλεο
528 1777 615 1864 θυμῷ
634 1772 729 1844 11.κ’.
747 1795 822 1864 447.

310 1889 584 1976 Ἐμβαλλόπονς,
601 1891 720 1976 βλαια.

307 2001 494 2102 Ἔμβαρος.
504 1999 706 2103 ν.Ἔμβρεος
716 2001 941 2103 αϊἝμπαρας.
952 2005 1113 2100 [ALex.v.
1127 2004 1181 2074 οὐκ
1192 2001 1355 2100 ἐμβαρεῖ.]

313 2126 333 2166 ¹*
344 2118 478 2208 Ἐμβὰς
494 2126 659 2212 Ariswph.
676 2144 730 2213 52.
1370 2150 1379 2188 ι
1386 2145 1401 2206 5

313 2243 334 2284 *
347 2237 579 2325 Ἐμβατεῦσαν
597 2243 675 2308 Eur.
694 2244 776 2310 Hec.
794 2265 825 2308 v,
839 2263 913 2328 914.

313 2358 333 2398 ¹¹
344 2354 545 2440 Ἐμβεβαῶς
562 2359 642 2424 Eur.
662 2359 743 2422 Hec.
761 2381 792 2422 v.
808 2377 882 2443 922.

312 2469 536 2557 Ἐμβεβῖωκεν
553 2497 595 2539 an
609 2469 708 2556 Ἐκβ.

309 2583 444 2678 Ἐμβῄη
462 2590 502 2656 Il.
520 2582 566 2656 π’.
585 2611 637 2676 94.

310 2699 498 2787 Ἑμβαλῆν,
515 2700 651 2782 πληθύν.
1366 2731 1404 2769 αο

307 2811 494 2904 Ἔμβολα.
511 2816 670 2912 ,Σκίρωνι
690 2823 788 2887 Brod.
818 2821 883 2905 [Al.
901 2845 951 2888 ex.
972 2823 1048 2890 Eur.
1065 2818 1156 2910 539.]

305 2932 498 3020 Ἔμβολον.
529 2938 569 3002 In
587 2938 673 3004 edita
688 2961 755 3004 non
771 2945 876 3004 extat=
903 2946 971 3002 erat
987 2938 1095 3023 itaque
1112 2939 1146 3002 in
1163 2939 1272 3018 altera,
1290 2939 1355 3004 sive

362 3055 493 3118 Thesm.
507 3047 553 3136 β.
571 3056 750 3120 Athenaeus
766 3055 787 3120 l.
802 3075 832 3122 1.
849 3055 993 3140 locuples
1011 3055 1114 3137 testis,
1127 3055 1183 3141 qui
1200 3065 1233 3122 et
1248 3056 1354 3122 locum

362 3170 471 3258 ipsum
487 3172 695 3240 conservavit.
727 3168 793 3258 [Al.
811 3193 862 3236 ex.
876 3171 970 3238 Pind.
989 3171 1064 3240 Sch.
1085 3193 1103 3242 2
1104 3188 1125 3260 5
1126 3189 1146 3260 5
1160 3194 1189 3238 a.
1209 3173 1355 3260 lpponax

362 3308 414 3372 ap.
434 3287 541 3352 Schol.
558 3288 704 3352 Marcelli
722 3288 840 3357 Sidetae
857 3311 890 3374 p.
905 3282 952 3372 8.]
1368 3305 1404 3368 25

305 3395 494 3494 Ἔμβραχν
511 3402 557 3467 Su
565 3397 641 3488 [id].

309 3511 539 3610 Ἐμβρέμσται
558 3518 597 3583 ll.
615 3511 654 3584 o'.
672 3520 746 3604 627.

303 3628 478 3725 Ἔμβρεος
493 3657 524 3698 ν.
534 3625 724 3725 Ἔμβαρος.

303 3737 482 3840 Ἔμβρυον
499 3749 563 3814 od.
582 3743 613 3816 ι’.
633 3769 695 3838 245
714 3751 820 3816 Schol.

312 3861 515 3955 Ἐμβρόνιον
529 3913 538 3930 .
553 3914 561 3931 .
577 3914 585 3930 .
600 3860 789 3958 Τιβερικόν.
841 3867 929 3935 Hinc
946 3867 1080 3934 observa
1104 3875 1233 3938 oetatem
1252 3867 1354 3956 Hesy.
1372 3879 1411 3936 30

363 4005 394 4048 v.
413 3983 538 4048 Mem-s.
556 3981 590 4046 in
608 3983 769 4051 Mantissa
784 4007 815 4053 α.
826 3985 882 4051 28.

314 4093 498 4180 Ἐμβόσας,
508 4107 546 4162 ut
562 4099 650 4185 apud
659 4099 824 4188 Aristoph.
837 4094 1006 4183 ἐπιβύσας.
1023 4124 1054 4167 ν.
1065 4093 1357 4184 Ἐπιβνσᾶτωσαν.

311 4209 449 4293 Ἐμέθεν
467 4215 507 4280 ΙΙ.
525 4207 566 4280 α’.
583 4229 660 4301 529.

310 4326 426 4408 Ἐμεῖο
446 4330 485 4395 ΙΙ.
503 4324 545 4396 α’.
562 4347 633 4416 174.
666 4331 733 4415 [Al.
756 4355 805 4398 ex.
824 4327 949 4412 Ἐμεΐο,
966 4329 1045 4413 ἐμοῦ
1062 4336 1101 4406 ΙΙ.
1120 4329 1249 4414 Ἐμοῖα,
1266 4326 1357 4412 ἐμοῦ,

361 4443 446 4514 ἐστι.
472 4471 503 4513 ν.
520 4439 693 4534 Ammon]
1371 4479 1411 4540 35

1551 861 1554 900 1

1542 960 1548 1061 Ι
