3188 5052
311 366 355 435 92
648 356 1032 426 ADVERSARIA

310 524 547 607 Ἀπαινῦμενον
565 520 665 598 11,>.’,
683 528 758 613 581.

311 637 474 732 Ἀπαῗξαι
492 645 532 710 Il.
550 636 600 735 φ’.
615 662 689 730 234.

310 754 540 838 Ἀπαιόλημα,
573 748 744 834 ἆπάτημα.
796 747 920 842 Su[id].
950 753 1116 839 Aristoph.
1147 774 1200 838 99.
1243 753 1356 818 AEsch.

361 876 508 961 Choeph.
525 898 556 940 v.
574 893 667 941 1002.

315 990 335 1030 *
347 983 515 1062 Ἀπαισός
532 990 573 1056 ll.
591 982 640 1071 β’.
658 986 731 1052 828.
757 1007 788 1055 v.
807 977 949 1062 Παισός.
1366 989 1384 1054 5

316 1100 562 1177 Ἀπαιῶνιστον
577 1127 610 1172 v.
628 1102 743 1187 Eurip.

236 1264 238 1270 ·
314 1213 534 1298 Ἀπάλαμνος
562 1221 601 1286 ll.
629 1214 664 1290 ε’.
681 1236 757 1312 597.
806 1212 873 1309 [Al.
902 1240 953 1287 ex.
980 1208 1182 1294 Ἀπάλαμος
1208 1215 1300 1284 Pind.
1328 1216 1357 1279 8.

365 1362 468 1414 ,μνος
491 1337 586 1402 Pind.
605 1356 657 1418 24.

315 1445 521 1524 Ἀπαλέντες
539 1452 585 1518 Η.
604 1452 652 1518 St.
667 1444 906 1520 Ἀπαλοῦντες.

315 1561 600 1645 Ἀπαλθὴσεσθον
617 1568 658 1632 ΙΙ.
677 1560 717 1634 ὅ.
735 1581 811 1652 405.
828 1557 1148 1659 ἆποθεραπεύσεσθε.
1372 1587 1409 1631 10

316 1676 604 1764 Ἀπαμειβόμενος
624 1683 664 1752 ΙΙ.
682 1675 723 1750 α’.
742 1683 794 1766 84.

312 1791 431 1862 ‘'Arrav
448 1798 488 1862 Il.
506 1791 542 1861 ν’.
564 1799 635 1882 156.

316 1904 533 1984 Ἀπόλλακες
549 1935 580 1976 v.
595 1905 820 1983 Ἀπὲλλακας.

318 2019 624 2114 Ἀπαλλαξεῖοντες
639 2027 788 2114 Thucyd.

312 2127 499 2236 ''Areikov
515 2142 615 2209 Arist.
711 2123 721 2134 ¹⁴

318 2250 490 2322 Ἀπᾶλιον
507 2257 602 2337 θῦμα,
620 2250 649 2323 ὃ.
671 2259 777 2322 Laert.
794 2259 834 2323 de
853 2259 989 2346 Pythag.
1006 2261 1081 2344 580.

323 2367 591 2450 *Ἀπαμῆσεται
609 2373 712 2460 Soph.
725 2394 801 2456 400.

319 2481 504 2556 Ἀπάνευθε
521 2491 560 2559 Il.
577 2483 620 2559 α’.
638 2508 692 2576 35.
1442 2503 1447 2511 '

320 2597 580 2693 Ἀπανῃνᾶμενοι
598 2607 712 2676 AEsch.
727 2623 801 2693 295.
1580 2499 1584 2680 i

321 2710 565 2809 Ἀπάνθρωπος
582 2714 625 2784 Σ.
644 2711 754 2784 ἇπάνι.
805 2721 931 2786 Locum
946 2720 1035 2784 hune
1053 2713 1197 2784 Prieaeus
1214 2717 1247 2781 in
1262 2717 1366 2781 Auto-
1377 2731 1415 2774 20

370 2857 444 2899 rum
470 2835 580 2899 Indice
606 2843 698 2899 caute
723 2835 840 2904 omisit.
905 2836 1071 2900 Meureius
1100 2835 1176 2900 hinc
1199 2831 1367 2919 Sophoclis

245 2983 248 2990 .
370 2950 596 3036 tragoediarum
613 2973 785 3016 numerum
802 2952 900 3030 auxit,
911 2975 1074 3036 unamque
1090 2951 1184 3016 nobis
1201 2948 1367 3035 expressit,

374 3066 427 3130 eui
451 3087 539 3129 nune
556 3058 702 3136 ''Arravre
726 3089 814 3130 nunc
832 3061 1003 3137 Καπανεὺς
1020 3089 1138 3135 nomen
1156 3073 1261 3130 esset:
1285 3065 1369 3130 “vel

372 3171 527 3259 Ἀπάνι,”
552 3181 638 3244 enim
655 3182 738 3246 “vel
762 3183 870 3267 potius
896 3177 1067 3248 Καπανεῖ”
1092 3183 1180 3267 legit,
1198 3181 1306 3246 omnia
1330 3202 1370 3244 ex

371 3297 565 3382 conjectura,
582 3317 682 3381 eaque
698 3297 869 3366 levissima.
910 3300 983 3384 Ego
1001 3299 1104 3367 sentio
1121 3289 1221 3366 ἆπᾶνι
1247 3298 1289 3367 ad
1311 3297 1367 3363 So-
1380 3303 1416 3372 25

372 3411 520 3498 phoclem
537 3433 602 3476 non
628 3412 797 3504 pertinere,
815 3415 872 3479 sed
894 3415 936 3478 ad
951 3414 1100 3478 lacunam
1123 3419 1320 3503 sequentem,
1338 3418 1371 3475 et

377 3549 446 3592 esse
463 3526 595 3590 omnino
612 3527 751 3612 priorem
768 3536 893 3614 partem
909 3529 1056 3600 vocabuli
1072 3529 1216 3616 proxime
1234 3549 1371 3618 sequen-

376 3641 430 3720 tis,
446 3640 543 3724 idque
560 3641 753 3710 vocabulum
769 3641 868 3708 fuisse
885 3633 1128 3734 ἆπανιζόμενοι,
1145 3641 1233 3726 quod
1249 3662 1337 3704 nunc
1353 3661 1371 3702 e

378 3778 437 3822 suo
452 3757 523 3819 loeo
540 3755 699 3820 dimotum
716 3758 750 3821 in
767 3758 924 3822 anteriora
940 3759 1082 3830 delatum
1099 3765 1158 3825 eet.
1195 3757 1248 3821 Sic
1264 3756 1372 3839 itaque

371 3871 495 3946 scribor
527 3863 771 3963 Ἀπᾶνθρωπος
793 3899 828 3941 σ.
846 3899 877 3940 α.
896 3899 927 3944 α.
945 3898 977 3942 α.
1006 3868 1198 3965 Σοφοκλῆς.
1232 3866 1422 3943 ’Arraei-30

375 3978 517 4079 ζόμενοι,
543 3977 777 4077 ξηραινόμενοι,
794 4012 853 4075 pro
867 3981 1175 4082 Ἀπαυανιζόμενοι.
1236 3986 1303 4078 [Al.
1322 4009 1372 4057 ex.

371 4097 589 4196 ἀπάνθρωπος
606 4106 719 4170 AEsch.
738 4104 803 4188 22]

326 4212 549 4313 Ἀπαντίζοα.
568 4244 599 4285 v.
613 4211 792 4312 Ἀντίζωοι
809 4228 843 4285 et
855 4212 1041 4316 ’ᾼντῖξοοι.

326 4326 520 4404 Ἀπάντιτα
539 4385 547 4400 .
567 4385 574 4402 .
594 4385 602 4401 .
620 4331 861 4412 ἐκτετιμημένα.
886 4337 889 4344 ’
