3200 5058
303 362 367 427 178
399 329 414 340 ⁴
637 355 1017 420 Αυυουεκκικ

359 525 451 591 Nihil
472 525 559 590 aliud
582 534 683 605 muto,
708 525 855 610 quamvis
877 524 967 588 aliter
988 523 1193 588 scribendum
1221 543 1255 584 re
1280 541 1355 584 vera

359 643 430 721 fuit,
448 642 567 705 inserto
584 665 604 732 ρ
622 649 697 726 post
714 639 746 718 θ,
765 663 809 706 so.
828 635 1150 730 Βορθραγορῖσκεια.
1174 638 1257 702 Plin.
1276 636 1353 700 Nat.

361 758 448 822 Hist.
467 757 617 822 XXXII.
638 777 678 830 α.
693 759 800 839 Apion
824 759 993 820 marimum
1011 757 1149 838 ριόοἱυυι
1170 775 1235 817 esse
1254 755 1355 817 tradit

351 895 497 957 porcum,
515 895 604 956 quem
624 867 856 938 Lacedaemonii
878 874 1146 954 ονίΙιναροκιῗοοαον
1170 876 1292 942 vocant,
1315 869 1354 932 de

358 1011 392 1053 rc
410 989 479 1052 sine
496 989 595 1053 dubio
611 990 700 1067 false,
718 989 758 1052 de
775 989 872 1052 verbo
888 995 994 1052 recte:
1020 1008 1125 1071 neque
1148 985 1233 1050 enim
1250 985 1381 1069 piscesS

317 1171 320 1178 ,
359 1113 459 1180 erant,
473 1105 576 1167 multo
593 1105 701 1167 minus
717 1103 855 1188 piscium
881 1103 1038 1166 maximi.
1059 1149 1066 1164 .
1086 1142 1094 1164 .
1115 1101 1199 1165 .sed
1219 1100 1353 1186 porculi,

358 1228 396 1283 ut
412 1228 522 1284 noster
538 1218 709 1304 utrobique
730 1217 833 1297 docet,
851 1219 935 1302 iique
951 1219 1115 1294 lactentes,
1130 1239 1188 1282 scu
1205 1217 1354 1304 γαλαθη-

358 1330 416 1399 νοί.
468 1335 533 1398 Sed
559 1335 635 1419 quia
663 1334 760 1418 aliqui
786 1343 929 1399 veterum
959 1333 1050 1397 aliter
1079 1331 1244 1417 scripsere,
1274 1332 1354 1395 nihil

356 1458 457 1514 muto
509 1453 656 1514 Polemon
685 1451 766 1514 αυὶοι
791 1444 1049 1540 ὀρθαγορίσκους
1070 1449 1237 1526 scribebat,
1262 1457 1354 1511 utet

359 1567 461 1651 Hesy.
480 1567 537 1629 sed
553 1566 661 1630 minus
677 1575 774 1647 recte,
788 1574 826 1629 ut
842 1573 996 1630 notarunt
1007 1573 1129 1630 veteres
1146 1565 1234 1650 apud
1252 1565 1350 1628 Athe·
1365 1580 1401 1618 10

357 1704 464 1744 naeum
483 1681 593 1744 critici.
630 1673 746 1744 Ἀλλά
763 1673 821 1758 μὲν
840 1673 902 1745 οὐδ’
921 1672 1160 1770 ὀρθαγορίσκοι
1181 1674 1351 1765 λέγονται,

356 1788 395 1866 ὥς
413 1795 515 1886 φησιν
533 1791 551 1859 ὁ
572 1789 746 1874 Πολέμων,
757 1793 790 1860 oi
802 1790 985 1882 γαλαθηνοὶ
1002 1798 1125 1884 χοῖροι,
1136 1789 1211 1858 ἀλλ’
1225 1790 1345 1885 α’ρθρα-

357 1906 521 2002 γορίσκοι,
539 1906 607 1975 ἐπεὶ
626 1904 709 2002 πρὸς
725 1904 785 1976 τὸν
802 1907 924 2002 ὄρθρον
941 1900 1198 2001 πιπράσκονται.
1224 1933 1258 1994 p.
1277 1929 1349 1992 140.

358 2029 452 2092 Ratio
470 2050 545 2113 ergo
562 2028 702 2091 nominis
725 2027 801 2091 satis
819 2027 997 2112 perspicua,
1015 2025 1102 2110 quod
1119 2047 1214 2089 moue
1230 2025 1264 2088 in
1282 2025 1350 2089 foro

353 2145 482 2208 venales
499 2152 617 2221 essent,
635 2143 723 2228 quod
739 2143 808 2206 aliis
826 2134 957 2233 ὀρθρὸν,
975 2141 1083 2205 Doriis
1102 2135 1268 2232 Βορθρόν.
1362 2149 1397 2214 15

305 2252 449 2350 Βορρᾶς.
502 2261 564 2324 Pro
581 2258 624 2330 οἷς
640 2261 661 2325 l.
680 2253 725 2329 ὃς.
744 2282 772 2323 v.
788 2260 881 2323 Prov.
896 2257 993 2322 xxvii.
1011 2260 1060 2322 16.

307 2366 442 2464 Βάρμος
462 2422 469 2438 .
489 2423 497 2438 .
517 2423 525 2440 .
544 2366 747 2452 αὐτομάτως.

304 2483 414 2580 Βορός
433 2539 441 2553 .
461 2539 468 2554 .
485 2483 648 2580 ῥυστίθος.
666 2514 696 2555 v.
712 2482 829 2556 Ῥυτάι

304 2600 441 2696 Βορσόν
460 2655 467 2672 .
487 2655 495 2672 .
515 2608 551 2672 F.
570 2607 610 2670 ab
629 2601 738 2698 ὀρθόν.

305 2714 496 2811 Βόρταχος.
549 2722 647 2788 Quod
674 2724 790 2808 vulgus
815 2715 993 2815 βάτραχον
1019 2724 1224 2811 antiquorum
1249 2723 1346 2808 aliqui
1360 2738 1399 2782 20

351 2833 534 2929 Βάτραχον
567 2840 734 2906 vocabant.
762 2841 834 2906 Gal.
861 2842 903 2906 ad
937 2842 1016 2927 Hip.
1051 2833 1248 2933 Βατράχου]
1287 2841 1349 2906 τοῦ

350 2947 529 3047 βατράχου
545 2950 648 3042 λέγει,
670 2957 745 3022 inde
771 2952 955 3048 βόρταχος.
1007 2963 1026 3012 8
1036 2954 1132 3042 (lude
1154 2959 1344 3044 posteriores

353 3072 469 3137 Graeci.
488 3081 520 3136 et
533 3065 708 3162 Βορθακὰς
725 3082 757 3138 et
767 3067 939 3164 Βορθακάς
956 3097 1033 3138 rana
1050 3075 1192 3164 dicitur.)
1219 3076 1345 3140 Deinde

349 3189 371 3253 l.
387 3187 427 3260 ὠς
453 3183 591 3280 βάρμος,
620 3199 694 3275 post
728 3213 801 3276 quae
831 3191 928 3255 verba
960 3191 1078 3256 lineam
1106 3214 1206 3256 unam
1236 3192 1345 3256 deesse

353 3306 509 3392 suspicor.
716 3367 718 3372 ,
1357 3317 1393 3380 25

298 3418 514 3515 Βορυσθένης.
542 3424 581 3487 L.
590 3411 702 3488 Ἔστι
729 3416 764 3488 (li
788 3419 840 3487 καὶ
866 3419 1028 3500 ποταμός.
1068 3425 1145 3488 Non
1168 3425 1254 3488 enim
1274 3425 1344 3489 vult

348 3539 451 3604 dicere
479 3539 729 3624 Hellespontum
753 3539 888 3603 fluvium
913 3562 993 3616 esse,
1014 3541 1071 3610 sed
1097 3541 1345 3626 Hellespontum

346 3663 495 3718 vocatum
521 3676 590 3718 esse
608 3653 854 3740 Borysthenem,
872 3655 1107 3743 Borysthenem
1124 3665 1232 3722 autem
1249 3659 1344 3722 etiam

345 3791 464 3845 nomen
481 3769 569 3832 fluvii
587 3791 667 3832 esse.
686 3793 715 3834 v.
733 3770 845 3856 steph.

297 3883 317 3924 *
331 3878 447 3960 Βοσκῆ
464 3885 577 3948 AEsch.
596 3887 669 3970 269.
1354 3901 1394 3960 30

297 3991 440 4076 Βοσκᾶς,
460 3991 604 4090 φασκᾶς,
622 4023 688 4065 non
713 3995 792 4072 κίας.
843 4003 923 4067 Vult
948 4012 1123 4090 utrumque
1144 4005 1230 4070 idem
1252 4029 1341 4072 esse:

346 4139 450 4200 neque
468 4115 555 4201 apud
572 4115 650 4180 ulios
668 4139 822 4204 maguum
839 4119 1020 4184 discrimen.
1037 4144 1067 4185 v.
1081 4121 1159 4186 Ath.
1173 4144 1206 4206 p.
1220 4141 1283 4209 395
1298 4124 1341 4187 D.

669 4382 684 4420 Β
697 4373 773 4429 llaec.
787 4393 831 4430 vv.
845 4376 873 4430 in
885 4395 969 4448 marg.
