3154 5060
568 376 942 442 HESYCHIANA.
1216 380 1278 444 241

230 534 423 624 Ἐβιῆσατο
442 542 481 610 ΙΙ.
498 538 541 608 λ.
559 560 634 632 557.
661 538 905 627 1.Εβιῆσατο,
922 537 1098 628 ἐβιάσατο,
1116 537 1215 634 βέᾳ’
1199 569 1279 614 οπο

280 653 450 752 στέρησευ.
469 659 545 726 Sch.

229 767 404 855 Ἐβιῶσαο
421 774 488 840 Od.
508 769 549 842 8.
566 777 642 859 468.
662 776 738 842 seh.
756 799 815 863 pro
829 769 1012 859 Ἐβέωσας.

225 882 343 971 Ἐβλη
361 883 427 973 (vel
443 885 520 980 βλκ)
537 881 661 969 μάσθη,
679 883 777 970 ἐμαλ.
821 887 893 956 Vox
910 901 960 958 est
978 893 1133 981 Hippocr.
1151 915 1185 981 p.
1198 915 1274 983 334,

277 1020 332 1088 47.
359 1006 482 1093 Expos.
499 1015 549 1073 eet
567 1007 641 1074 Gal.
1284 1026 1300 1088 s

221 1103 423 1202 Ι’Ῑῖἐβλιυη-εν,
441 1112 624 1216 ἐπεσκίαζεν.
651 1118 805 1206 finirem
822 1123 975 1194 enimeet
990 1112 1192 1218 ἆποπιέζειν.
1214 1130 1277 1192 mel

278 1256 296 1298 e
303 1237 398 1318 fanis
414 1241 600 1321 eaprimere.
625 1263 656 1305 v.
672 1233 884 1322 Ἀπέβλησε.

221 1343 359 1433 Ἔβλω.
385 1347 563 1445 υ.’Έβρο).
590 1357 613 1419 λ
631 1377 690 1440 pro
705 1380 738 1446 ρ.
756 1347 801 1422 ἐέ.
820 1348 848 1424 ἐ.
874 1355 997 1440 reliqua
1017 1357 1060 1420 ad
1075 1350 1212 1439 Ἐβλω.
1242 1379 1273 1424 v.

277 1461 437 1534 Βλῶσκω.

218 1575 355 1664 Ἔβλευ
380 1585 402 1649 l.
421 1577 585 1668 Ἕβλυεν.
620 1581 713 1667 Bituito
738 1595 771 1651 et
797 1581 903 1678 φλόον.
929 1581 1121 1679 υ.Ἔφλυκ.
1147 1589 1322 1657 videturro

277 1700 363 1764 enim
379 1724 538 1788 exponere
554 1702 662 1767 locum
681 1702 817 1768 Homeri
835 1703 873 1768 11.
885 1696 935 1794 φ’.
946 1707 1007 1791 361
1022 1705 1097 1770 sch.

227 1807 351 1896 Ἐβόα.
378 1817 477 1904 Hym.
498 1840 526 1896 1,
545 1835 597 1906 75.
629 1819 664 1903 [i.
678 1842 705 1884 e.
725 1817 943 1902 Batrachom]

217 1923 398 2025 Ἔβραχευ
417 1935 456 2000 11.
475 1928 510 2000 ἐ.
528 1937 602 2022 859.
979 1951 981 1956 ’

227 2047 247 2087 *
261 2042 392 2141 Ἐβρεὶ.
494 2076 567 2142 περ.
588 2052 672 2118 Gen.
694 2073 744 2134 14,
763 2074 812 2138 13.

223 2157 394 2248 Ἐβόησευ
413 2166 451 2232 Il.
470 2161 511 2233 θ’.
528 2189 581 2254 92.

223 2274 426 2370 Ἐβόρησευ,
443 2275 581 2376 βορᾶζω
597 2307 617 2348 ο
633 2276 734 2375 βορά.

217 2390 397 2489 Ἕβρισεν.
424 2400 501 2486 Ipse
518 2393 733 2491 Ἐπέβρισεν,
751 2387 964 2490 ἐσεβᾶρησεν.

218 2507 394 2605 Ἕβρισαυ
412 2508 502 2581 ΙΙ.’
468 2542 513 2594 μ.
531 2520 606 2604 346.

217 2624 343 2725 Ἕβρον
360 2656 379 2697 a
395 2629 515 2725 βρῶμι,
533 2629 648 2725 ἐβραν,
666 2657 716 2712 ως,
733 2659 768 2697 ω.

224 2738 470 2842 Ἐβρυᾶζουτο,
488 2741 720 2842 ηυφραένοντο.
1280 2782 1319 2822 20

225 2857 369 2946 Ἐβύουν
386 2865 550 2952 Aristoph.
568 2868 644 2953 458.

221 2973 359 3064 Έβῶβ.
376 3003 407 3047 v.
426 2975 554 3064 Ὠβῶμ.

215 3087 361 3178 Ἔβοσε
385 3119 445 3182 pro
472 3092 604 3179 ἐβόησε,
630 3104 668 3160 ut
697 3096 786 3182 opud
813 3095 1025 3178 Herodotum,
1050 3094 1182 3180 ἐβώσθη
1209 3123 1269 3188 pro

273 3206 407 3293 ἐβοήθη,
425 3219 459 3277 et
474 3206 671 3294 ἐβώσθησαν
688 3233 748 3298 pro
763 3207 961 3293 ἐβοήθησαν.

221 3319 409 3420 Ἐβρύσθη.
434 3324 482 3394 ἵσ.
498 3320 688 3420 Ἐβρῦχθη.
1278 3366 1314 3425 25

215 3435 375 3533 Ἕγαυεν.
400 3439 447 3511 ἵσ.
466 3438 685 3533 Ἐγγέτγονεν.

220 3552 408 3649 Ἐγγαμῶν
432 3583 492 3648 pro
511 3551 744 3654 Ἐγγαμὶζων,
762 3583 819 3625 seu
833 3547 1060 3654 Ἐκγαμέζων,
1077 3555 1096 3624 ὁ
1113 3559 1156 3648 τῇ
1182 3557 1266 3648 οἰκίᾳ

271 3674 466 3770 κεχρημένος
483 3671 612 3767 ἐξουσίᾳ
634 3699 648 3742 1
663 3677 740 3742 Cor.
760 3694 790 3763 7,
803 3693 856 3764 37.

222 3784 591 3886 Ἐγγαστριμάχαιραν
615 3793 746 3880 respicit
768 3792 982 3880 Hipponactis
1003 3792 1116 3880 parodi
1137 3813 1266 3859 versum

271 3910 391 3974 Athen.
409 3912 471 3997 698
487 3910 525 3977 O.
1275 3951 1314 4009 30

218 4015 531 4118 Ἐγγαστρῖμυθος.
565 4028 611 4092 At
635 4026 733 4092 verbo
757 4026 872 4091 ultima
887 4025 921 4091 in
940 4019 1073 4090 Platone
1098 4045 1164 4090 non
1189 4033 1267 4090 sunt

271 4163 305 4228 p.
319 4161 391 4229 109,
400 4163 454 4230 49.
472 4165 577 4228 neque
594 4143 636 4207 od
653 4143 821 4209 Platonem
837 4142 1011 4229 pertinent.
1045 4141 1096 4206 Ea
1112 4141 1158 4205 sio
1174 4141 1264 4228 lege:

270 4260 393 4326 τοῦτον
410 4257 496 4338 ἡμεῖς
515 4254 655 4326 Πυθῶνα
672 4262 723 4326 νῦν
739 4261 908 4338 καλοῦμεν.
941 4259 992 4324 lta
1008 4265 1093 4323 certe
1112 4258 1197 4322 Plut.
1215 4259 1266 4323 νῦν

271 4369 427 4447 Πύθωνας
450 4371 808 4468 προσαγορευομένους,
826 4384 859 4440 et
887 4371 1016 4463 Su[id].
1043 4367 1079 4438 ὃν
1106 4372 1156 4438 νῦν
1183 4365 1265 4442 τινὲς

271 4485 420 4558 Πύθωνα.
723 4513 736 4555 1
753 4491 765 4554 i
1277 4525 1313 4588 35
