3140 5054
272 401 292 440 x
644 380 1007 444 PRAEFATIO.

323 576 353 638 9.
372 547 538 618 Plurima
554 547 627 619 ioco
644 551 818 621 asteriscis
835 559 951 622 notato
963 560 1109 645 possunt
1126 575 1170 621 cn
1183 552 1376 644 comcctncc
1399 530 1401 534 ¹

397 664 584 735 emendari.
637 665 776 762 Σκείρων
799 666 1008 763 Αἶα*νήτωρ,
1034 676 1094 738 (tui
1120 667 1225 738 eiiam
1252 671 1374 763 spatio,

398 791 436 853 ui
451 780 624 864 Ἀθηναία.

373 930 418 1004 Si
443 929 490 1000 H.
508 928 561 1002 St.
587 931 779 1024 scripsisset
801 927 1050 1002 Bibliotheccm
1080 929 1256 1016 Gratum,
1284 933 1376 1028 qnod

400 1047 438 1116 in
472 1046 588 1116 animo
621 1043 749 1128 toton,
784 1047 901 1116 minas
939 1045 981 1118 dc
1014 1044 1078 1118 icoc
1111 1045 1374 1145 Lenicopcopio

399 1160 609 1232 amandando
625 1160 881 1234 laborassemus.
932 1161 1012 1234 Ino
1033 1162 1248 1236 Ticsoncnnc
1266 1167 1375 1260 scrip-

399 1279 454 1362 sit,
473 1277 566 1373 qnod
581 1277 682 1349 idam.

280 1469 334 1544 15.
360 1447 524 1520 Indicam
539 1472 634 1543 pois.

279 1625 334 1694 16.
359 1622 540 1694 Dictioncs
557 1621 687 1716 aliquot
704 1620 904 1694 Homerica
923 1625 1012 1719 [vid.
1032 1647 1136 1716 supra
1152 1649 1187 1696 n.
1208 1624 1258 1719 a]

279 1815 334 1892 17.
359 1794 628 1867 Emendationis
662 1793 709 1864 od
738 1791 953 1889 Hcspctinm
985 1792 1026 1864 ab
1056 1793 1166 1864 Εἰλέα
1197 1820 1301 1891 nsqnc
1329 1800 1376 1871 od

396 1910 509 1994 Ὠσηέ.

324 2063 575 2146 Adumbratio,
593 2071 635 2159 ut
653 2063 803 2144 videtur,
822 2072 860 2132 et
886 2064 1088 2134 rudimenta
1113 2087 1234 2134 earum
1255 2086 1376 2134 emen-

375 2180 557 2248 dationum
580 2202 661 2270 quae
683 2181 721 2248 iu
740 2179 920 2248 volumine
943 2180 1099 2250 secundo
1123 2190 1161 2250 et
1185 2179 1375 2249 voluminis

374 2297 470 2366 tertii
488 2304 588 2388 parte
605 2297 711 2388 priori
729 2295 966 2366 continentur.
1002 2295 1130 2366 Insunt
1148 2305 1269 2366 tamen
1287 2319 1375 2365 non-

373 2411 471 2481 nulla
488 2435 565 2503 quae
582 2412 632 2481 ibi
649 2411 779 2482 frustra
795 2434 938 2503 quaeras,
958 2436 1035 2504 quse
1053 2413 1289 2504 imprimenda
1314 2435 1375 2482 cu-

373 2529 447 2598 ravi
461 2528 518 2599 vel
535 2528 678 2620 praefixo
696 2528 863 2598 asterisco
882 2529 938 2598 vel
958 2529 1093 2600 uncinis
1111 2531 1356 2620 circumsepta.

324 2717 510 2788 Hactenus
541 2719 585 2788 de
611 2719 724 2788 tribus
755 2719 833 2789 istis
863 2719 1102 2789 voluminibus
1131 2719 1241 2810 ipsius
1270 2711 1381 2788 Pear-'

272 2835 349 2904 soni
379 2857 487 2903 manu
515 2833 679 2916 exaratis
706 2833 916 2926 plerumque
948 2835 1032 2905 satis
1062 2835 1186 2916 nitide,
1215 2857 1292 2924 quae
1322 2841 1375 2902 ta-

273 2971 357 3018 men
382 2972 636 3042 nonuunquam
662 2959 808 3042 propter
830 2950 1040 3042 compendia
1066 2959 1103 3020 et
1129 2949 1252 3020 lituras
1278 2949 1375 3019 lectu

273 3076 357 3136 sunt
383 3068 500 3136 minus
528 3067 645 3136 facilia
672 3075 709 3135 et
737 3089 817 3136 eam
845 3066 892 3136 ob
920 3089 1061 3136 causam
1091 3089 1113 3136 a
1141 3089 1200 3136 me
1228 3066 1375 3136 fortasse

214 3197 217 3202 ’
274 3191 365 3251 cnon
390 3191 488 3252 recte
515 3183 647 3274 ubique
671 3190 850 3274 percepta.
883 3182 1015 3252 ¹Nunc
1033 3205 1146 3276 pauca
1163 3183 1207 3253 de
1225 3177 1376 3252 eorum⁰l

273 3296 473 3389 apographo
497 3296 696 3377 dicendum,
715 3298 809 3387 quod
828 3297 864 3364 in
881 3297 1007 3366 eadem
1024 3297 1116 3368 coll.
1134 3296 1228 3366 Trin.
1247 3295 1376 3365 biblio-

273 3411 379 3482 theca
408 3422 577 3495 servatur‚
609 3409 828 3504 (O.1o.15.)
862 3415 980 3483 nescio
1015 3437 1060 3483 an
1089 3413 1239 3482 Thomae
1270 3410 1374 3482 Galei

265 3531 369 3618 jussu
388 3529 600 3610 confectum,
619 3551 662 3598 eo
679 3529 816 3599 scilicet
833 3529 980 3600 consilio
1003 3539 1045 3600 ut
1068 3533 1162 3624 typis
1185 3529 1374 3620 aliquando

315 3748 399 3794 cnon
413 3738 503 3810 recte]
521 3737 596 3794 Vide
611 3737 685 3794 infra
702 3747 768 3813 post
789 3757 816 3812 p.
834 3739 901 3813 863.
916 3739 965 3795 ubi
979 3739 1116 3796 nonnulla
1130 3739 1205 3796 inter
1218 3737 1374 3814 apographi

272 3835 409 3892 lectiones
424 3855 441 3890 a
454 3834 559 3890 nostris
573 3833 744 3890 dissidentes
759 3836 937 3892 emendatius
952 3837 1134 3894 exhibentur.

308 3937 323 3982 d
338 3942 461 3998 Exstant
474 3942 597 3997 fortasse
612 3949 641 3996 et
656 3940 722 3997 alibi
736 3941 837 3998 harum
856 3945 1073 4000 annotationum
1092 3943 1273 4018 apographa:
1298 3948 1375 3996 certe

272 4038 347 4094 inter
368 4039 457 4094 libros
478 4038 526 4112 qui
550 4038 718 4112 prostabant
737 4039 852 4095 venales
872 4041 948 4115 apud
972 4041 1004 4097 T.
1027 4039 1169 4104 Osborne,
1191 4039 1324 4103 Londini‚
1348 4057 1372 4094 a.

279 4151 311 4207 17
314 4151 330 4208 5
334 4152 361 4206 3.
387 4135 433 4190 hic
453 4135 559 4210 legitur
577 4133 712 4190 artictdus
727 4153 755 4191 u.
770 4136 846 4208 4801
863 4159 868 4193 :
893 4146 912 4168 ‘⁴
929 4136 1070 4213 Hesychii
1084 4136 1155 4194 Lex.
1171 4135 1295 4193 interiol.
1310 4153 1374 4190 cum

274 4239 291 4261 ‘⁶
308 4231 394 4288 addit.
422 4251 490 4288 mss.
527 4250 577 4305 per
604 4231 779 4288 Pearsonum
807 4232 980 4308 Episcopum
1014 4253 1030 4308 3
1061 4243 1130 4292 tom.
1161 4236 1373 4307 semicompact.

273 4339 291 4358 “
308 4326 374 4401 έ3.
393 4347 419 4402 3.
441 4329 475 4386 L.
489 4329 553 4385 Bet.
570 4327 674 4385 1668.”
