<?xml version="1.0" encoding="UTF-8"?>
<!DOCTYPE html PUBLIC "-//W3C//DTD XHTML 1.0 Transitional//EN"
    "http://www.w3.org/TR/xhtml1/DTD/xhtml1-transitional.dtd">
<html xmlns="http://www.w3.org/1999/xhtml" xml:lang="en" lang="en">
 <head>
  <title>
</title>
<meta http-equiv="Content-Type" content="text/html;charset=utf-8" />
  <meta name='ocr-system' content='tesseract 3.04.00' />
  <meta name='ocr-capabilities' content='ocr_page ocr_carea ocr_par ocr_line ocrx_word'/>
</head>
<body>
  <div class='ocr_page' id='page_1' title='image "./adversariahesyc00peargoog_0086.png"; bbox 0 0 3188 5052; ppageno 0'>
   <div class='ocr_carea' id='block_1_1' title="bbox 232 365 1275 623">
    <p class='ocr_par' dir='ltr' id='par_1_1' title="bbox 232 365 1275 623">
     <span class='ocr_line' id='line_1_1' title="bbox 565 365 1275 434; baseline -0.007 1"><span class='ocrx_word' id='word_1_1' title='bbox 565 367 938 434; x_wconf 81' lang='lat' dir='ltr'>HESYCHIANA.</span> <span class='ocrx_word' id='word_1_2' title='bbox 1233 365 1275 430; x_wconf 78' lang='lat'>48</span> 
     </span>
     <span class='ocr_line' id='line_1_2' title="bbox 232 523 1274 623; baseline -0.007 -20"><span class='ocrx_word' id='word_1_3' title='bbox 232 527 427 604; x_wconf 64' lang='grc' dir='ltr'>*Ἀκιδνάν</span> <span class='ocrx_word' id='word_1_4' title='bbox 463 535 655 600; x_wconf 61' lang='lat' dir='ltr'><strong>Theodora.</strong></span> <span class='ocrx_word' id='word_1_5' title='bbox 683 533 786 598; x_wconf 86' lang='lat' dir='ltr'><strong>Serm.</strong></span> <span class='ocrx_word' id='word_1_6' title='bbox 809 552 840 618; x_wconf 82' lang='lat'>5,</span> <span class='ocrx_word' id='word_1_7' title='bbox 858 547 933 618; x_wconf 80' lang='lat'><strong>544.</strong></span> <span class='ocrx_word' id='word_1_8' title='bbox 970 525 1022 596; x_wconf 74' lang='grc' dir='ltr'>καὶ</span> <span class='ocrx_word' id='word_1_9' title='bbox 1043 523 1193 623; x_wconf 74' lang='grc' dir='ltr'>’Όμηρος</span> <span class='ocrx_word' id='word_1_10' title='bbox 1216 525 1274 609; x_wconf 79' lang='grc' dir='ltr'>μὲν</span> 
     </span>
    </p>
   </div>
   <div class='ocr_carea' id='block_1_2' title="bbox 225 639 1326 4511">
    <p class='ocr_par' dir='ltr' id='par_1_2' title="bbox 282 639 904 742">
     <span class='ocr_line' id='line_1_3' title="bbox 282 639 904 742; baseline -0.003 -26"><span class='ocrx_word' id='word_1_11' title='bbox 282 644 407 716; x_wconf 78' lang='grc' dir='ltr'>ἀκιδνὸν</span> <span class='ocrx_word' id='word_1_12' title='bbox 424 643 506 718; x_wconf 85' lang='grc' dir='ltr'>αιἰτά</span> <span class='ocrx_word' id='word_1_13' title='bbox 522 645 575 716; x_wconf 78' lang='grc' dir='ltr'>καὶ</span> <span class='ocrx_word' id='word_1_14' title='bbox 592 641 723 742; x_wconf 83' lang='grc' dir='ltr'>ὀΐζνράν</span> <span class='ocrx_word' id='word_1_15' title='bbox 740 639 904 742; x_wconf 79' lang='grc' dir='ltr'>ὀνομάζει.</span> 
     </span>
    </p>

    <p class='ocr_par' dir='ltr' id='par_1_3' title="bbox 229 757 999 856">
     <span class='ocr_line' id='line_1_4' title="bbox 229 757 999 856; baseline -0.006 -24"><span class='ocrx_word' id='word_1_16' title='bbox 229 759 464 856; x_wconf 77' lang='grc' dir='ltr'>Ἀκιδνότερον</span> <span class='ocrx_word' id='word_1_17' title='bbox 481 765 546 831; x_wconf 85' lang='grc' dir='ltr'>Οά.</span> <span class='ocrx_word' id='word_1_18' title='bbox 564 758 696 852; x_wconf 80' lang='lat' dir='ltr'><strong>o&#39;.129.</strong></span> <span class='ocrx_word' id='word_1_19' title='bbox 722 787 754 830; x_wconf 87' lang='lat' dir='ltr'>v.</span> <span class='ocrx_word' id='word_1_20' title='bbox 772 757 999 854; x_wconf 78' lang='grc' dir='ltr'>Κιάνοτέρους.</span> 
     </span>
    </p>

    <p class='ocr_par' dir='ltr' id='par_1_4' title="bbox 229 871 1273 964">
     <span class='ocr_line' id='line_1_5' title="bbox 229 871 1273 964; baseline -0.002 -20"><span class='ocrx_word' id='word_1_21' title='bbox 229 872 436 961; x_wconf 80' lang='grc' dir='ltr'>Ἀκὶβάηλον</span> <span class='ocrx_word' id='word_1_22' title='bbox 451 928 458 944; x_wconf 94' lang='grc'>.</span> <span class='ocrx_word' id='word_1_23' title='bbox 472 928 479 944; x_wconf 92' lang='grc'>.</span> <span class='ocrx_word' id='word_1_24' title='bbox 491 872 655 957; x_wconf 79' lang='grc' dir='ltr'>ἀδόκιμον.</span> <span class='ocrx_word' id='word_1_25' title='bbox 672 879 718 944; x_wconf 76' lang='lat' dir='ltr'>ita</span> <span class='ocrx_word' id='word_1_26' title='bbox 735 885 767 944; x_wconf 84' lang='lat' dir='ltr'>et</span> <span class='ocrx_word' id='word_1_27' title='bbox 782 879 893 964; x_wconf 84' lang='lat' dir='ltr'><strong>Etym.</strong></span> <span class='ocrx_word' id='word_1_28' title='bbox 910 878 972 964; x_wconf 82' lang='lat' dir='ltr'><strong>leg.</strong></span> <span class='ocrx_word' id='word_1_29' title='bbox 989 878 1115 944; x_wconf 83' lang='lat' dir='ltr'><strong>videtur</strong></span> <span class='ocrx_word' id='word_1_30' title='bbox 1132 871 1273 956; x_wconf 80' lang='grc' dir='ltr'>δόκιμον.</span> 
     </span>
    </p>

    <p class='ocr_par' dir='ltr' id='par_1_5' title="bbox 230 985 1299 1088">
     <span class='ocr_line' id='line_1_6' title="bbox 230 985 1299 1088; baseline -0.002 -28"><span class='ocrx_word' id='word_1_31' title='bbox 230 985 1270 1088; x_wconf 63' lang='grc' dir='ltr'>Ἀκιάρωτᾶζω.ἵσ.Ἀκιάνωράιο,νο1’Ακιάνωτάζιομοίὶαίεφιὶἀ.</span> <span class='ocrx_word' id='word_1_32' title='bbox 1281 1003 1299 1068; x_wconf 79' lang='lat'>5</span> 
     </span>
    </p>

    <p class='ocr_par' dir='ltr' id='par_1_6' title="bbox 227 1099 1272 1426">
     <span class='ocr_line' id='line_1_7' title="bbox 227 1099 1272 1198; baseline 0 -24"><span class='ocrx_word' id='word_1_33' title='bbox 227 1099 361 1180; x_wconf 77' lang='grc' dir='ltr'>Ἀκικυς</span> <span class='ocrx_word' id='word_1_34' title='bbox 375 1159 383 1175; x_wconf 94' lang='grc'>.</span> <span class='ocrx_word' id='word_1_35' title='bbox 398 1156 429 1175; x_wconf 91' lang='grc'>..</span> <span class='ocrx_word' id='word_1_36' title='bbox 445 1157 453 1175; x_wconf 93' lang='grc'>.</span> <span class='ocrx_word' id='word_1_37' title='bbox 468 1104 572 1198; x_wconf 78' lang='grc' dir='ltr'>ἰσχύς.</span> <span class='ocrx_word' id='word_1_38' title='bbox 598 1110 693 1174; x_wconf 68' lang='lat' dir='ltr'><strong>Eunt.</strong></span> <span class='ocrx_word' id='word_1_39' title='bbox 711 1103 794 1174; x_wconf 84' lang='grc' dir='ltr'>κῖκιιν</span> <span class='ocrx_word' id='word_1_40' title='bbox 811 1105 870 1186; x_wconf 75' lang='grc' dir='ltr'>τὴν</span> <span class='ocrx_word' id='word_1_41' title='bbox 885 1110 948 1175; x_wconf 80' lang='grc' dir='ltr'>τοῦ</span> <span class='ocrx_word' id='word_1_42' title='bbox 971 1105 1056 1186; x_wconf 82' lang='grc' dir='ltr'>κίειν,</span> <span class='ocrx_word' id='word_1_43' title='bbox 1074 1103 1095 1174; x_wconf 84' lang='grc' dir='ltr'>ὅ</span> <span class='ocrx_word' id='word_1_44' title='bbox 1111 1105 1184 1176; x_wconf 77' lang='grc' dir='ltr'>ἐστι</span> <span class='ocrx_word' id='word_1_45' title='bbox 1209 1134 1272 1174; x_wconf 88' lang='grc' dir='ltr'>το-</span> 
     </span>
     <span class='ocr_line' id='line_1_8' title="bbox 286 1217 1272 1314; baseline 0.002 -26"><span class='ocrx_word' id='word_1_46' title='bbox 286 1218 449 1314; x_wconf 80' lang='grc' dir='ltr'>ρεύεσθαι,</span> <span class='ocrx_word' id='word_1_47' title='bbox 473 1217 612 1301; x_wconf 71' lang='grc' dir='ltr'>δύναμιν.</span> <span class='ocrx_word' id='word_1_48' title='bbox 664 1226 740 1309; x_wconf 75' lang='lat' dir='ltr'>Ipse</span> <span class='ocrx_word' id='word_1_49' title='bbox 765 1220 856 1302; x_wconf 76' lang='grc' dir='ltr'>κὶκνς,</span> <span class='ocrx_word' id='word_1_50' title='bbox 872 1217 1007 1302; x_wconf 72' lang='grc' dir='ltr'>δύναμις.</span> <span class='ocrx_word' id='word_1_51' title='bbox 1032 1247 1062 1290; x_wconf 91' lang='lat' dir='ltr'>v.</span> <span class='ocrx_word' id='word_1_52' title='bbox 1080 1224 1214 1289; x_wconf 82' lang='lat' dir='ltr'><strong>Aristot.</strong></span> <span class='ocrx_word' id='word_1_53' title='bbox 1233 1224 1272 1290; x_wconf 85' lang='lat' dir='ltr'>de</span> 
     </span>
     <span class='ocr_line' id='line_1_9' title="bbox 285 1321 907 1426; baseline 0 -23"><span class='ocrx_word' id='word_1_54' title='bbox 285 1339 415 1404; x_wconf 83' lang='lat' dir='ltr'><strong>Poetioa</strong></span> <span class='ocrx_word' id='word_1_55' title='bbox 431 1363 459 1404; x_wconf 88' lang='lat' dir='ltr'>o.</span> <span class='ocrx_word' id='word_1_56' title='bbox 475 1355 526 1408; x_wconf 74' lang='lat'>22&#39;.</span> <span class='ocrx_word' id='word_1_57' title='bbox 559 1321 631 1426; x_wconf 68' lang='lat' dir='ltr'>[AL</span> <span class='ocrx_word' id='word_1_58' title='bbox 643 1361 692 1405; x_wconf 85' lang='lat' dir='ltr'>ex.</span> <span class='ocrx_word' id='word_1_59' title='bbox 710 1341 823 1404; x_wconf 82' lang='lat' dir='ltr'><strong>AEoch.</strong></span> <span class='ocrx_word' id='word_1_60' title='bbox 839 1338 907 1423; x_wconf 85' lang='lat'>41.]</span> 
     </span>
    </p>

    <p class='ocr_par' dir='ltr' id='par_1_7' title="bbox 230 1448 598 1530">
     <span class='ocr_line' id='line_1_10' title="bbox 230 1448 598 1530; baseline -0.005 -10"><span class='ocrx_word' id='word_1_61' title='bbox 230 1448 386 1530; x_wconf 82' lang='grc' dir='ltr'>Ἀκίμων.</span> <span class='ocrx_word' id='word_1_62' title='bbox 411 1478 442 1520; x_wconf 91' lang='lat' dir='ltr'>v.</span> <span class='ocrx_word' id='word_1_63' title='bbox 457 1449 598 1520; x_wconf 79' lang='grc' dir='ltr'>Ἀκεῖον.</span> 
     </span>
    </p>

    <p class='ocr_par' dir='ltr' id='par_1_8' title="bbox 229 1553 1326 1657">
     <span class='ocr_line' id='line_1_11' title="bbox 229 1553 1326 1657; baseline 0 -23"><span class='ocrx_word' id='word_1_64' title='bbox 229 1563 420 1657; x_wconf 76' lang='grc' dir='ltr'>Ἀκῖνογμιι</span> <span class='ocrx_word' id='word_1_65' title='bbox 437 1572 547 1657; x_wconf 84' lang='lat' dir='ltr'><strong>Etym.</strong></span> <span class='ocrx_word' id='word_1_66' title='bbox 660 1553 665 1563; x_wconf 46' lang='lat'>⁵</span> <span class='ocrx_word' id='word_1_67' title='bbox 1135 1645 1139 1654; x_wconf 26' lang='lat'><strong>¹</strong></span> <span class='ocrx_word' id='word_1_68' title='bbox 1283 1593 1326 1634; x_wconf 79' lang='lat' dir='ltr'>xo</span> 
     </span>
    </p>

    <p class='ocr_par' dir='ltr' id='par_1_9' title="bbox 230 1676 1271 1891">
     <span class='ocr_line' id='line_1_12' title="bbox 230 1676 1271 1775; baseline -0.002 -27"><span class='ocrx_word' id='word_1_69' title='bbox 230 1677 402 1762; x_wconf 75' lang='grc' dir='ltr'>Ἀκινάκης</span> <span class='ocrx_word' id='word_1_70' title='bbox 428 1679 456 1750; x_wconf 83' lang='grc' dir='ltr'>ἀ.</span> <span class='ocrx_word' id='word_1_71' title='bbox 485 1681 533 1753; x_wconf 94' lang='grc' dir='ltr'>Π.</span> <span class='ocrx_word' id='word_1_72' title='bbox 560 1682 578 1764; x_wconf 72' lang='grc' dir='ltr'>’ἦ</span> <span class='ocrx_word' id='word_1_73' title='bbox 604 1680 635 1775; x_wconf 78' lang='grc' dir='ltr'>ξ.</span> <span class='ocrx_word' id='word_1_74' title='bbox 678 1689 764 1753; x_wconf 85' lang='lat' dir='ltr'>Eud.</span> <span class='ocrx_word' id='word_1_75' title='bbox 780 1679 962 1764; x_wconf 80' lang='grc' dir='ltr'>Ἀκινάκης,</span> <span class='ocrx_word' id='word_1_76' title='bbox 990 1677 1067 1775; x_wconf 77' lang='grc' dir='ltr'>δόρυ</span> <span class='ocrx_word' id='word_1_77' title='bbox 1095 1676 1271 1772; x_wconf 78' lang='grc' dir='ltr'>Περσικόν.</span> 
     </span>
     <span class='ocr_line' id='line_1_13' title="bbox 288 1796 682 1891; baseline 0.01 -27"><span class='ocrx_word' id='word_1_78' title='bbox 288 1796 354 1885; x_wconf 85' lang='grc' dir='ltr'>[ΑΙ.</span> <span class='ocrx_word' id='word_1_79' title='bbox 371 1823 421 1865; x_wconf 87' lang='lat' dir='ltr'>ex.</span> <span class='ocrx_word' id='word_1_80' title='bbox 438 1803 553 1866; x_wconf 79' lang='lat' dir='ltr'><strong>Thom.</strong></span> <span class='ocrx_word' id='word_1_81' title='bbox 572 1796 682 1891; x_wconf 69' lang='lat' dir='ltr'>Mag]</span> 
     </span>
    </p>

    <p class='ocr_par' dir='ltr' id='par_1_10' title="bbox 229 1908 857 2002">
     <span class='ocr_line' id='line_1_14' title="bbox 229 1908 857 2002; baseline 0.005 -24"><span class='ocrx_word' id='word_1_82' title='bbox 229 1908 398 1992; x_wconf 81' lang='grc' dir='ltr'>Ἀκίμενοι</span> <span class='ocrx_word' id='word_1_83' title='bbox 415 1939 475 2002; x_wconf 90' lang='lat' dir='ltr'>pro</span> <span class='ocrx_word' id='word_1_84' title='bbox 490 1911 704 1995; x_wconf 80' lang='grc' dir='ltr'>Ἀκειόμινοι,</span> <span class='ocrx_word' id='word_1_85' title='bbox 722 1915 857 1994; x_wconf 78' lang='grc' dir='ltr'>ἰώμενοι.</span> 
     </span>
    </p>

    <p class='ocr_par' dir='ltr' id='par_1_11' title="bbox 229 2024 1317 2232">
     <span class='ocr_line' id='line_1_15' title="bbox 229 2024 1270 2123; baseline -0.001 -28"><span class='ocrx_word' id='word_1_86' title='bbox 229 2024 350 2122; x_wconf 82' lang='grc' dir='ltr'>Ἀκιρῆ</span> <span class='ocrx_word' id='word_1_87' title='bbox 367 2033 545 2097; x_wconf 86' lang='lat' dir='ltr'><strong>secundum</strong></span> <span class='ocrx_word' id='word_1_88' title='bbox 558 2034 681 2112; x_wconf 77' lang='lat' dir='ltr'><strong>AEolao,</strong></span> <span class='ocrx_word' id='word_1_89' title='bbox 694 2031 712 2110; x_wconf 83' lang='grc' dir='ltr'><em>ἦ</em></span> <span class='ocrx_word' id='word_1_90' title='bbox 726 2028 823 2123; x_wconf 76' lang='grc' dir='ltr'>ι’σχνῆ</span> <span class='ocrx_word' id='word_1_91' title='bbox 840 2026 891 2096; x_wconf 71' lang='grc' dir='ltr'>καὶ</span> <span class='ocrx_word' id='word_1_92' title='bbox 903 2026 1038 2108; x_wconf 71' lang='grc' dir='ltr'>ἀσθενὴς</span> <span class='ocrx_word' id='word_1_93' title='bbox 1050 2024 1157 2122; x_wconf 80' lang='grc' dir='ltr'>ἀκῖρα.</span> <span class='ocrx_word' id='word_1_94' title='bbox 1175 2031 1198 2096; x_wconf 88' lang='lat' dir='ltr'><strong>J</strong></span> <span class='ocrx_word' id='word_1_95' title='bbox 1199 2051 1270 2094; x_wconf 78' lang='lat' dir='ltr'><strong>oon.</strong></span> 
     </span>
     <span class='ocr_line' id='line_1_16' title="bbox 284 2145 1317 2232; baseline -0.003 -23"><span class='ocrx_word' id='word_1_96' title='bbox 284 2145 396 2210; x_wconf 84' lang='lat' dir='ltr'><strong>Gram.</strong></span> <span class='ocrx_word' id='word_1_97' title='bbox 415 2147 454 2212; x_wconf 86' lang='lat' dir='ltr'>de</span> <span class='ocrx_word' id='word_1_98' title='bbox 471 2147 634 2213; x_wconf 77' lang='lat' dir='ltr'><strong>Dialectio.</strong></span> <span class='ocrx_word' id='word_1_99' title='bbox 659 2149 795 2214; x_wconf 79' lang='lat' dir='ltr'><strong>Theoor.</strong></span> <span class='ocrx_word' id='word_1_100' title='bbox 813 2148 863 2212; x_wconf 90' lang='lat' dir='ltr'>Id.</span> <span class='ocrx_word' id='word_1_101' title='bbox 883 2148 998 2232; x_wconf 84' lang='lat'>28,15.</span> <span class='ocrx_word' id='word_1_102' title='bbox 1284 2160 1317 2224; x_wconf 79' lang='lat'>15</span> 
     </span>
    </p>

    <p class='ocr_par' dir='ltr' id='par_1_12' title="bbox 233 2254 794 2353">
     <span class='ocr_line' id='line_1_17' title="bbox 233 2254 794 2353; baseline 0.002 -28"><span class='ocrx_word' id='word_1_103' title='bbox 233 2254 399 2353; x_wconf 72' lang='grc' dir='ltr'>*Ἀκιρός</span> <span class='ocrx_word' id='word_1_104' title='bbox 414 2284 445 2326; x_wconf 90' lang='grc' dir='ltr'>ν.</span> <span class='ocrx_word' id='word_1_105' title='bbox 461 2263 614 2327; x_wconf 87' lang='lat' dir='ltr'><strong>Ammon.</strong></span> <span class='ocrx_word' id='word_1_106' title='bbox 631 2263 666 2327; x_wconf 92' lang='lat' dir='ltr'>in</span> <span class='ocrx_word' id='word_1_107' title='bbox 682 2256 794 2332; x_wconf 73' lang='grc' dir='ltr'>Αἶνος.</span> 
     </span>
    </p>

    <p class='ocr_par' dir='ltr' id='par_1_13' title="bbox 230 2371 573 2454">
     <span class='ocr_line' id='line_1_18' title="bbox 230 2371 573 2454; baseline 0.006 -14"><span class='ocrx_word' id='word_1_108' title='bbox 230 2371 361 2442; x_wconf 66' lang='lat' dir='ltr'>&#39;Axiam</span> <span class='ocrx_word' id='word_1_109' title='bbox 377 2399 408 2441; x_wconf 82' lang='lat' dir='ltr'>v·</span> <span class='ocrx_word' id='word_1_110' title='bbox 421 2372 573 2454; x_wconf 74' lang='grc' dir='ltr'>Ἀκμαΐς.</span> 
     </span>
    </p>

    <p class='ocr_par' dir='ltr' id='par_1_14' title="bbox 234 2485 636 2580">
     <span class='ocr_line' id='line_1_19' title="bbox 234 2485 636 2580; baseline -0.002 -24"><span class='ocrx_word' id='word_1_111' title='bbox 234 2488 254 2528; x_wconf 79' lang='lat'>*</span> <span class='ocrx_word' id='word_1_112' title='bbox 267 2485 433 2580; x_wconf 82' lang='grc' dir='ltr'>Ἀκῖχητα</span> <span class='ocrx_word' id='word_1_113' title='bbox 450 2493 563 2556; x_wconf 85' lang='lat' dir='ltr'><strong>AEsoh.</strong></span> <span class='ocrx_word' id='word_1_114' title='bbox 584 2493 636 2560; x_wconf 81' lang='lat'>28.</span> 
     </span>
    </p>

    <p class='ocr_par' dir='ltr' id='par_1_15' title="bbox 228 2594 1091 2696">
     <span class='ocr_line' id='line_1_20' title="bbox 228 2594 1091 2696; baseline 0.001 -27"><span class='ocrx_word' id='word_1_115' title='bbox 228 2594 393 2670; x_wconf 79' lang='grc' dir='ltr'>Ἀκκαθεν</span> <span class='ocrx_word' id='word_1_116' title='bbox 409 2614 559 2692; x_wconf 83' lang='lat' dir='ltr'><strong>corrupte</strong></span> <span class='ocrx_word' id='word_1_117' title='bbox 575 2628 634 2692; x_wconf 90' lang='lat' dir='ltr'>pro</span> <span class='ocrx_word' id='word_1_118' title='bbox 645 2595 827 2693; x_wconf 78' lang='grc' dir='ltr'>Ἄγκοθεν.</span> <span class='ocrx_word' id='word_1_119' title='bbox 853 2629 884 2670; x_wconf 87' lang='grc' dir='ltr'>ν.</span> <span class='ocrx_word' id='word_1_120' title='bbox 898 2599 1091 2696; x_wconf 75' lang='grc' dir='ltr'>Ἀγρῖαθεν</span> 
     </span>
    </p>

    <p class='ocr_par' dir='ltr' id='par_1_16' title="bbox 230 2714 1320 2813">
     <span class='ocr_line' id='line_1_21' title="bbox 230 2714 1320 2813; baseline 0.004 -29"><span class='ocrx_word' id='word_1_121' title='bbox 230 2714 489 2812; x_wconf 76' lang='grc' dir='ltr'>Ἀκαλακανσὶρ.</span> <span class='ocrx_word' id='word_1_122' title='bbox 506 2717 553 2788; x_wconf 81' lang='grc' dir='ltr'>ἵσ.</span> <span class='ocrx_word' id='word_1_123' title='bbox 566 2716 805 2813; x_wconf 77' lang='grc' dir='ltr'>Ἀκκαλανσὶρ.</span> <span class='ocrx_word' id='word_1_124' title='bbox 821 2722 843 2786; x_wconf 87' lang='lat' dir='ltr'>i.</span> <span class='ocrx_word' id='word_1_125' title='bbox 854 2743 883 2786; x_wconf 85' lang='lat' dir='ltr'>e.</span> <span class='ocrx_word' id='word_1_126' title='bbox 899 2716 1062 2792; x_wconf 74' lang='grc' dir='ltr'>Ἀκανθῖς.</span> <span class='ocrx_word' id='word_1_127' title='bbox 1283 2749 1320 2789; x_wconf 83' lang='lat'>20</span> 
     </span>
    </p>

    <p class='ocr_par' dir='ltr' id='par_1_17' title="bbox 230 2828 910 2930">
     <span class='ocr_line' id='line_1_22' title="bbox 230 2828 910 2930; baseline 0 -30"><span class='ocrx_word' id='word_1_128' title='bbox 230 2828 445 2928; x_wconf 78' lang='grc' dir='ltr'>Ἀκκίζεσθαι</span> <span class='ocrx_word' id='word_1_129' title='bbox 462 2859 522 2922; x_wconf 89' lang='lat' dir='ltr'>pro</span> <span class='ocrx_word' id='word_1_130' title='bbox 536 2829 733 2930; x_wconf 75' lang='grc' dir='ltr'>Ἀκῖζεσθαι</span> <span class='ocrx_word' id='word_1_131' title='bbox 750 2836 791 2900; x_wconf 81' lang='lat' dir='ltr'>ab</span> <span class='ocrx_word' id='word_1_132' title='bbox 805 2831 910 2906; x_wconf 72' lang='grc' dir='ltr'>Ἀκῖκ.</span> 
     </span>
    </p>

    <p class='ocr_par' dir='ltr' id='par_1_18' title="bbox 233 2943 1272 3153">
     <span class='ocr_line' id='line_1_23' title="bbox 233 2943 1272 3044; baseline -0.005 -27"><span class='ocrx_word' id='word_1_133' title='bbox 233 2943 458 3044; x_wconf 71' lang='grc' dir='ltr'>*Ἀκκίζεται</span> <span class='ocrx_word' id='word_1_134' title='bbox 476 2974 508 3018; x_wconf 85' lang='grc' dir='ltr'>ν.</span> <span class='ocrx_word' id='word_1_135' title='bbox 523 2951 725 3038; x_wconf 81' lang='lat' dir='ltr'><strong>Phidippidae</strong></span> <span class='ocrx_word' id='word_1_136' title='bbox 737 2974 849 3018; x_wconf 77' lang='lat' dir='ltr'>versus</span> <span class='ocrx_word' id='word_1_137' title='bbox 871 2953 958 3038; x_wconf 79' lang='lat' dir='ltr'><strong>apud</strong></span> <span class='ocrx_word' id='word_1_138' title='bbox 970 2953 1092 3017; x_wconf 88' lang='lat' dir='ltr'><strong>Athen.</strong></span> <span class='ocrx_word' id='word_1_139' title='bbox 1104 2951 1128 3016; x_wconf 89' lang='lat' dir='ltr'>l.</span> <span class='ocrx_word' id='word_1_140' title='bbox 1139 2952 1169 3016; x_wconf 92' lang='lat'>8.</span> <span class='ocrx_word' id='word_1_141' title='bbox 1184 2969 1272 3014; x_wconf 90' lang='lat' dir='ltr'><strong>o.10.</strong></span> 
     </span>
     <span class='ocr_line' id='line_1_24' title="bbox 283 3065 527 3153; baseline 0.004 -24"><span class='ocrx_word' id='word_1_142' title='bbox 283 3065 364 3130; x_wconf 83' lang='lat' dir='ltr'><strong>Plat.</strong></span> <span class='ocrx_word' id='word_1_143' title='bbox 381 3086 456 3153; x_wconf 79' lang='lat'>321,</span> <span class='ocrx_word' id='word_1_144' title='bbox 473 3081 527 3152; x_wconf 84' lang='lat'>54.</span> 
     </span>
    </p>

    <p class='ocr_par' dir='ltr' id='par_1_19' title="bbox 231 3174 366 3256">
     <span class='ocr_line' id='line_1_25' title="bbox 231 3174 366 3256; baseline -0.015 -10"><span class='ocrx_word' id='word_1_145' title='bbox 231 3174 366 3256; x_wconf 81' lang='grc' dir='ltr'>Ἀκλεῆ.</span> 
     </span>
    </p>

    <p class='ocr_par' dir='ltr' id='par_1_20' title="bbox 229 3285 1317 3494">
     <span class='ocr_line' id='line_1_26' title="bbox 229 3285 1317 3381; baseline 0.002 -23"><span class='ocrx_word' id='word_1_146' title='bbox 229 3286 387 3364; x_wconf 79' lang='grc' dir='ltr'>Ἀκλεεΐς.</span> <span class='ocrx_word' id='word_1_147' title='bbox 406 3294 584 3380; x_wconf 72' lang='lat' dir='ltr'><strong>scripserat</strong></span> <span class='ocrx_word' id='word_1_148' title='bbox 602 3295 704 3380; x_wconf 81' lang='lat' dir='ltr'><strong>Hesy.</strong></span> <span class='ocrx_word' id='word_1_149' title='bbox 721 3295 835 3381; x_wconf 88' lang='lat' dir='ltr'><strong>opinor</strong></span> <span class='ocrx_word' id='word_1_150' title='bbox 850 3290 999 3367; x_wconf 80' lang='grc' dir='ltr'>Ἀκλιές.</span> <span class='ocrx_word' id='word_1_151' title='bbox 1017 3296 1056 3361; x_wconf 94' lang='lat' dir='ltr'>Il.</span> <span class='ocrx_word' id='word_1_152' title='bbox 1071 3289 1109 3373; x_wconf 83' lang='grc' dir='ltr'>η’.</span> <span class='ocrx_word' id='word_1_153' title='bbox 1124 3316 1195 3360; x_wconf 92' lang='lat'>100.</span> <span class='ocrx_word' id='word_1_154' title='bbox 1215 3285 1317 3380; x_wconf 66' lang='lat' dir='ltr'><strong>oedo5</strong></span> 
     </span>
     <span class='ocr_line' id='line_1_27' title="bbox 280 3401 676 3494; baseline 0.003 -21"><span class='ocrx_word' id='word_1_155' title='bbox 280 3416 314 3473; x_wconf 87' lang='lat' dir='ltr'>et</span> <span class='ocrx_word' id='word_1_156' title='bbox 330 3403 464 3478; x_wconf 80' lang='grc' dir='ltr'>ἀκλειεῖι</span> <span class='ocrx_word' id='word_1_157' title='bbox 482 3408 522 3472; x_wconf 94' lang='lat' dir='ltr'>Il.</span> <span class='ocrx_word' id='word_1_158' title='bbox 539 3401 585 3485; x_wconf 85' lang='grc' dir='ltr'>μ’.</span> <span class='ocrx_word' id='word_1_159' title='bbox 602 3410 676 3494; x_wconf 88' lang='lat'>318.</span> 
     </span>
    </p>

    <p class='ocr_par' dir='ltr' id='par_1_21' title="bbox 228 3515 1100 3615">
     <span class='ocr_line' id='line_1_28' title="bbox 228 3515 1100 3615; baseline 0 -28"><span class='ocrx_word' id='word_1_160' title='bbox 228 3516 395 3614; x_wconf 76' lang='grc' dir='ltr'>Ἀκλὴρω,</span> <span class='ocrx_word' id='word_1_161' title='bbox 411 3517 524 3613; x_wconf 78' lang='grc' dir='ltr'>ἔχοντι</span> <span class='ocrx_word' id='word_1_162' title='bbox 541 3515 630 3602; x_wconf 79' lang='grc' dir='ltr'>μηδὲ,</span> <span class='ocrx_word' id='word_1_163' title='bbox 647 3523 699 3588; x_wconf 83' lang='lat' dir='ltr'>vel</span> <span class='ocrx_word' id='word_1_164' title='bbox 714 3518 757 3600; x_wconf 75' lang='grc' dir='ltr'>μὴ</span> <span class='ocrx_word' id='word_1_165' title='bbox 774 3519 887 3615; x_wconf 82' lang='grc' dir='ltr'>ἔχοντι</span> <span class='ocrx_word' id='word_1_166' title='bbox 906 3521 948 3590; x_wconf 84' lang='lat'>11&#39;.</span> <span class='ocrx_word' id='word_1_167' title='bbox 965 3517 1007 3590; x_wconf 82' lang='grc' dir='ltr'>λ’.</span> <span class='ocrx_word' id='word_1_168' title='bbox 1023 3543 1100 3610; x_wconf 84' lang='lat'>490.</span> 
     </span>
    </p>

    <p class='ocr_par' dir='ltr' id='par_1_22' title="bbox 228 3631 647 3714">
     <span class='ocr_line' id='line_1_29' title="bbox 228 3631 647 3714; baseline -0.005 -10"><span class='ocrx_word' id='word_1_169' title='bbox 228 3633 393 3714; x_wconf 76' lang='grc' dir='ltr'>Ἀκλινῆς,</span> <span class='ocrx_word' id='word_1_170' title='bbox 410 3631 647 3708; x_wconf 71' lang='grc' dir='ltr'>ἀνυπότακτοι.</span> 
     </span>
    </p>

    <p class='ocr_par' dir='ltr' id='par_1_23' title="bbox 228 3745 409 3818">
     <span class='ocr_line' id='line_1_30' title="bbox 228 3745 409 3818; baseline -0.011 0"><span class='ocrx_word' id='word_1_171' title='bbox 228 3745 409 3818; x_wconf 83' lang='grc' dir='ltr'>Ἀκλεΐάαι.</span> 
     </span>
    </p>

    <p class='ocr_par' dir='ltr' id='par_1_24' title="bbox 225 3855 1320 4070">
     <span class='ocr_line' id='line_1_31' title="bbox 225 3855 1320 3954; baseline 0.004 -22"><span class='ocrx_word' id='word_1_172' title='bbox 225 3855 351 3944; x_wconf 79' lang='grc' dir='ltr'>Ἀκμο.</span> <span class='ocrx_word' id='word_1_173' title='bbox 376 3889 408 3932; x_wconf 86' lang='grc' dir='ltr'>ν.</span> <span class='ocrx_word' id='word_1_174' title='bbox 428 3855 604 3944; x_wconf 77' lang='grc' dir='ltr'>Ἀκμηνοι.</span> <span class='ocrx_word' id='word_1_175' title='bbox 636 3859 761 3947; x_wconf 84' lang='grc' dir='ltr'>Ἀκμά,</span> <span class='ocrx_word' id='word_1_176' title='bbox 783 3864 895 3933; x_wconf 82' lang='lat' dir='ltr'><strong>AEoles</strong></span> <span class='ocrx_word' id='word_1_177' title='bbox 918 3869 1005 3934; x_wconf 86' lang='lat' dir='ltr'><strong>enim</strong></span> <span class='ocrx_word' id='word_1_178' title='bbox 1029 3862 1132 3947; x_wconf 79' lang='grc' dir='ltr'>ἀκμῆν</span> <span class='ocrx_word' id='word_1_179' title='bbox 1156 3875 1320 3954; x_wconf 79' lang='lat' dir='ltr'><strong>vocant30</strong></span> 
     </span>
     <span class='ocr_line' id='line_1_32' title="bbox 281 3977 789 4070; baseline 0.004 -24"><span class='ocrx_word' id='word_1_180' title='bbox 281 3977 425 4047; x_wconf 82' lang='grc' dir='ltr'>ἀσιτίαν.</span> <span class='ocrx_word' id='word_1_181' title='bbox 451 3982 563 4068; x_wconf 83' lang='lat' dir='ltr'><strong>Etym.</strong></span> <span class='ocrx_word' id='word_1_182' title='bbox 580 3982 674 4048; x_wconf 81' lang='lat' dir='ltr'><strong>Eust.</strong></span> <span class='ocrx_word' id='word_1_183' title='bbox 697 4002 789 4070; x_wconf 79' lang='lat'>1243.</span> 
     </span>
    </p>

    <p class='ocr_par' dir='ltr' id='par_1_25' title="bbox 231 4087 628 4189">
     <span class='ocr_line' id='line_1_33' title="bbox 231 4087 628 4189; baseline 0 -29"><span class='ocrx_word' id='word_1_184' title='bbox 231 4095 252 4135; x_wconf 79' lang='lat'><em>*</em></span> <span class='ocrx_word' id='word_1_185' title='bbox 263 4087 426 4189; x_wconf 79' lang='grc' dir='ltr'>Ἀκμάζει</span> <span class='ocrx_word' id='word_1_186' title='bbox 443 4097 557 4160; x_wconf 80' lang='lat' dir='ltr'><strong>AEsoh.</strong></span> <span class='ocrx_word' id='word_1_187' title='bbox 574 4098 628 4161; x_wconf 91' lang='lat'>68.</span> 
     </span>
    </p>

    <p class='ocr_par' dir='ltr' id='par_1_26' title="bbox 231 4205 632 4295">
     <span class='ocr_line' id='line_1_34' title="bbox 231 4205 632 4295; baseline 0.002 -19"><span class='ocrx_word' id='word_1_188' title='bbox 231 4205 408 4288; x_wconf 73' lang='grc' dir='ltr'>*Ἀκμαιά</span> <span class='ocrx_word' id='word_1_189' title='bbox 424 4211 537 4276; x_wconf 80' lang='lat' dir='ltr'><strong>AEsch.</strong></span> <span class='ocrx_word' id='word_1_190' title='bbox 556 4226 632 4295; x_wconf 88' lang='lat'>274.</span> 
     </span>
    </p>

    <p class='ocr_par' dir='ltr' id='par_1_27' title="bbox 231 4318 722 4415">
     <span class='ocr_line' id='line_1_35' title="bbox 231 4318 722 4415; baseline 0.01 -27"><span class='ocrx_word' id='word_1_191' title='bbox 231 4318 402 4403; x_wconf 70' lang='lat' dir='ltr'>*‘Axoae’o</span> <span class='ocrx_word' id='word_1_192' title='bbox 418 4347 449 4390; x_wconf 88' lang='lat' dir='ltr'>v.</span> <span class='ocrx_word' id='word_1_193' title='bbox 467 4325 568 4411; x_wconf 86' lang='lat' dir='ltr'><strong>Soph.</strong></span> <span class='ocrx_word' id='word_1_194' title='bbox 595 4347 629 4412; x_wconf 90' lang='lat' dir='ltr'>p.</span> <span class='ocrx_word' id='word_1_195' title='bbox 651 4343 722 4415; x_wconf 92' lang='lat'>179.</span> 
     </span>
    </p>

    <p class='ocr_par' dir='ltr' id='par_1_28' title="bbox 714 4462 774 4511">
     <span class='ocr_line' id='line_1_36' title="bbox 714 4462 774 4511; baseline 0.05 -3"><span class='ocrx_word' id='word_1_196' title='bbox 714 4462 737 4508; x_wconf 80' lang='lat' dir='ltr'>G</span> <span class='ocrx_word' id='word_1_197' title='bbox 755 4463 774 4511; x_wconf 80' lang='lat'>2</span> 
     </span>
    </p>
   </div>
   <div class='ocr_carea' id='block_1_3' title="bbox 0 0 1598 5052">
    <p class='ocr_par' dir='ltr' id='par_1_29' title="bbox 0 0 1598 5052">
     <span class='ocr_line' id='line_1_37' title="bbox 0 0 1598 5052; baseline 0 2"><span class='ocrx_word' id='word_1_198' title='bbox 0 0 1598 5052; x_wconf 95' lang='lat' dir='ltr'> </span> 
     </span>
    </p>
   </div>
  </div>
 </body>
</html>
