3200 5058
560 373 961 438 HESYCHIANA.
1220 376 1285 440 153

288 531 440 606 άι’κανθα.(ἰ
492 541 567 606 Non
594 543 643 606 'est
667 564 729 606 vox
757 543 881 622 Graeca‚
905 544 961 608 sed
985 543 1154 628 Hebraea..
1188 545 1283 612 Certe

288 659 473 745 Stephanus
511 659 545 723 in
580 659 789 746 Expositione
822 660 887 726 τῶν
919 654 1108 746 ἐνδιαθέτου
1142 661 1283 755 γραφῶν

289 777 364 843 MS.
382 777 415 840 in
431 777 586 841 Vaticana
604 776 680 840 satis
697 785 856 855 vetustus,
875 771 1103 870 Βαρακίνηοιν,
1121 771 1282 860 ιἰκάνθαις,

277 885 445 980 ’,σκώληψι
465 887 551 982 (sic.)
590 893 662 957 Vox
679 893 778 980 igitur
795 893 999 981 scripturaria
1017 894 1059 960 sit
1075 895 1204 974 necesse
1221 903 1280 985 est,

288 1019 321 1075 et
337 1010 538 1074 efformatum
557 1008 686 1092 quidem
697 1009 895 1072 'vocabulum
921 1018 970 1074 est
987 1015 1026 1075 eir
1038 1011 1184 1090 ⁴Hebrae'o
1201 1011 1307 1087 Jud.5

289 1128 319 1202 8,
338 1142 368 1210 7.
396 1135 585 1210 Dtrp'tlto't
609 1135 695 1193 ssttt.
714 1125 823 1188 LXX.
848 1125 976 1212 Compl.
991 1135 1023 1190 et
1038 1127 1144 1192 Oxon.
1162 1122 1195 1192 ἐν
1210 1133 1281 1199 τοῖς

233 1283 236 1288 -
285 1237 471 1334 τριβόλοις.
523 1243 618 1306 Rom.
641 1237 673 1304 ἐν
693 1245 766 1312 ταῖς
790 1237 1279 1336 βαρκηνὶμ,Α1θ.βορκουνεῖμ.

286 1361 338 1424 Ex
355 1353 516 1450 βαρκηυὶμ
535 1358 675 1423 Hebraeo
692 1360 794 1423 fecere
813 1359 919 1424 Graeci
936 1355 1137 1452 βαρκηνύσιν.
1182 1362 1280 1426 Alex-

285 1478 362 1542 and.
376 1471 597 1568 Βαρκομμεύν.
624 1477 747 1541 Euseb.
763 1477 785 1540 l.
804 1477 843 1541 dc
862 1478 959 1558 Locis
979 1477 1170 1542 Hebraicis:
1190 1472 1280 1568 Βορ-

283 1590 420 1674 κοννεὶμ,
434 1588 576 1664 Ἀκυλας
593 1589 707 1684 τρέπει
725 1591 768 1664 εἰς
785 1586 933 1669 ἀκάνθας,
952 1588 1133 1684 Σύμμαχος
1149 1591 1191 1664 εἰς
1206 1620 1280 1686 τρι·
1292 1615 1327 1653 10

285 1706 439 1793 βόλους.Ἰ
465 1711 530 1775 'Ita
556 1711 764 1776 Bonfrerius:
804 1712 861 1775 sed
888 1717 1037 1796 suspecta
1054 1730 1127 1786 ,vox
1153 1706 1278 1803 τρέπει.

286 1828 362 1892 MS.
380 1851 483 1906 meus,
500 1830 541 1892 A.
559 1818 790 1917 τραγοκάνθας
807 1821 858 1890 καὶ
876 1821 1067 1917 τριβόλους
1107 1827 1202 1891 Forte
1219 1849 1313 1913 pro

284 1973 335 2011 και
326 1940 564 2032 legendum
543 1971 581 2012 ο

235 2055 420 2154 Βαράχυιο.
447 2065 543 2127 Forte
561 2069 692 2148 corrupt
692 2085 748 2125 um
765 2083 833 2147 pro
841 2053 1037 2152 Βαράγχια.
1081 2061 1175 2148 Saepe
1193 2062 1278 2126 enim

285 2179 462 2265 Hipponax
478 2170 658 2270 βάραγχος
680 2177 760 2242 dixit
781 2199 841 2263 pro
863 2168 1039 2266 βράγχος,
1048 2185 1080 2241 et
1092 2177 1197 2242 Attici
1216 2179 1278 2242 fre·
1264 2190 1324 2254 -15

283 2303 420 2380 quanter
440 2291 636 2385 βαραγχιᾶν
658 2315 717 2378 pro
739 2289 922 2384 βραγχιᾶυ,
940 2289 1073 2358 authore
1092 2293 1277 2358 Herodiano

283 2412 370 2498 apud
387 2410 530 2496 Etymol.
550 2410 672 2474 Pariter
687 2432 747 2495 pro
765 2401 932 2500 βράγχια,
946 2401 1134 2500 βαράγχια.
1214 2433 1218 2440 ·

233 2520 418 2620 Βάρβιτος.
452 2527 491 2590 L.
516 2517 598 2595 eidos
624 2525 780 2602 μουσικοῦ
804 2516 957 2615 ὀργάνου,
979 2517 1109 2616 κιθάρα,
1135 2520 1153 2602 ἢ
1180 2522 1274 2617 λύρα.

284 2645 367 2712 Quae
386 2652 566 2728 sequuntur
582 2643 677 2728 plane
695 2649 846 2727 corrupta
863 2650 950 2706 sunt.
975 2664 1051 2707 nam
1068 2638 1100 2707 ἐν
1117 2637 1275 2737 Θεσμοφ.

281 2762 322 2825 ad
340 2751 516 2852 Βάρβιτον
533 2759 705 2846 pertinent.
1096 2797 1098 2804 ι
1285 2782 1323 2821 20

232 2869 389 2968 Βάρβαξ.
415 2868 546 2968 Βάραξ.
572 2898 603 2940 v.
621 2867 780 2967 Βάρακες.
806 2898 836 2939 v.
855 2873 981 2939 Oasin
998 2815 1203 2941 Athenaeum.

232 2985 370 3083 Βάρβος
388 2994 430 3061 Q.
552 2991 556 3000 ⁵

232 3101 389 3202 Βαράκες.
430 3112 470 3176 L.
492 3103 537 3175 τά
562 3099 812 3200 προφυράματα
838 3111 896 3185 τῆς
920 3100 1034 3202 μάζης.
1087 3111 1162 3196 Ipse
1189 3111 1275 3175 enim

279 3235 401 3313 postea,
419 3218 580 3318 Βάμβαξ,
598 3221 735 3317 φύραμα
753 3220 981 3316 στρογγύλον,
995 3222 1055 3316 ἀφ’
1070 3217 1108 3292 ού
1123 3225 1158 3290 αἱ
1173 3219 1275 3320 μάζαι

279 3338 440 3430 γίνονται.
491 3342 619 3406 Deinde
644 3341 667 3404 l.
687 3334 740 3404 καὶ
763 3335 921 3417 τολύπην.
974 3343 1049 3427 Ipse
1071 3343 1201 3422 ibidem,
1223 3338 1275 3408 καὶ
1285 3375 1300 3413 2
1303 3369 1321 3434 5

278 3454 368 3550 ἐρίων
385 3453 541 3534 τολύπαι,
559 3465 592 3521 et
608 3457 720 3542 Etym.
737 3455 771 3518 in
789 3447 947 3546 Βάρηκες,
970 3449 1066 3534 δηλοῖ
1087 3451 1120 3522 di
1142 3453 1201 3522 καὶ.
1217 3453 1276 3535 τὴν

278 3569 436 3650 τολύπην.
482 3573 628 3658 Utraque
646 3571 826 3636 emendatio
844 3572 1029 3650 certissima.
1083 3573 1173 3640 Prior
1186 3573 1275 3656 ,enim

279 3691 435 3776 expositio
458 3698 526 3754 erat
547 3688 784 3776 Lycophronis,
807 3689 965 3774 posterior
986 3691 1220 3768 Eratosthenis,
1238 3701 1276 3756 ut

278 3805 394 3871 diserte
425 3805 523 3870 tradit
552 3806 730 3869 Athenaeus
759 3804 781 3868 l.
798 3824 831 3886 4.
861 3828 895 3890 p.
918 3826 978 3888 140
995 3806 1034 3869 A.
1074 3828 1104 3870 v.
1137 3806 1211 3872 Cas.
1240 3808 1275 3872 in

277 3923 398 3988 Athen.
417 3931 449 3986 et
467 3922 565 3988 Salm.
585 3923 633 3986 Pl.
652 3921 714 3986 Ex.
731 3945 765 4008 p.
783 3938 854 4006 127.
1282 3949 1322 4005 30

228 4041 465 4139 Βαρβαρύπην.
491 4048 513 4112 f.
532 4021 765 4141 Βαρβαράῖνπῆ
781 4040 856 4136 (sic)
1047 4023 1048 4030 .
1202 4019 1205 4026 ι

227 4153 429 4255 Βαρακάκαι.
457 4165 623 4230 Meursius
643 4188 703 4252 pro
721 4155 928 4256 Βορακάραι,
949 4165 1117 4249 opiliones,
1134 4165 1190 4250 qui
1212 4188 1274 4252 pu-

403 4359 418 4398 d
436 4359 525 4415 Pauca
536 4359 579 4415 hic
592 4327 676 4415 delevi
689 4377 749 4432 quae
762 4359 873 4414 delenda
884 4359 968 4415 voluit
981 4359 1106 4415 Pearson.

748 4478 772 4520 X
