3200 5058
307 357 371 429 196
650 363 1006 427 ADVERSARIA

307 527 327 568 ⁸⁸
339 523 478 596 Γαυλόν.
504 533 624 598 πλοῖον
648 526 700 596 καὶ
718 533 780 596 τοῦ
802 522 972 619 γάλακτος
988 520 1033 595 τὰ
1051 523 1184 616 ἀγγεῖα,
1202 525 1221 605 ἧ
1237 523 1353 622 σκαφῆ

358 641 411 711 καὶ
428 642 448 710 ὁ
465 638 560 718 κάδος
575 644 713 736 λέγεται
731 643 865 736 γαυλός.
891 649 973 713 Lex.
990 648 1082 712 Arm.

309 761 330 802 ²*
345 757 471 836 Γαῦλος
498 760 517 829 ὁ
547 792 572 830 e.
603 768 659 832 αλ.
682 757 713 859 ζ.
727 814 759 830 ..
782 761 918 853 λέγεται
942 759 976 830 δὲ
997 759 1049 830 καὶ
1071 762 1205 856 τριήρης·
1230 764 1355 852 γαῦλος

358 872 427 944 ἆπό
456 883 603 947 πλεῖστα
634 874 800 972 δέχεσθαι,
827 873 867 952 ὥς
894 880 998 972 φησιν
1025 873 1217 972 Ἡρόδοτος
1244 876 1277 946 ἔν
1305 873 1358 966 τῷ

356 990 463 1088 τρίτῳ
479 998 543 1063 τῶν
559 994 723 1089 ἱστοριῶν.
752 999 831 1092 LeX.
848 998 939 1062 Arm.
1363 1018 1381 1078 5

308 1110 329 1151 *
343 1105 515 1205 Γαυρῖωμα
534 1114 609 1201 Sap.
627 1113 740 1200 steph.

310 1222 434 1323 Γαύρῳ.
457 1231 536 1296 Lex.
554 1232 645 1296 Ann.
667 1257 718 1309 με.
741 1225 1018 1322 ἆκατατλῆκτρῳ.
1045 1231 1084 1295 L.
1107 1225 1352 1315 ἆκατατλῆκτῳ

360 1347 542 1434 utrobique.

310 1453 509 1539 Γὸοὗτησεν.
527 1470 676 1549 corrupte
691 1484 751 1549 pro
769 1456 952 1540 Δοῦπησεν.
978 1460 1035 1526 sed
1051 1483 1082 1526 v.
1096 1455 1279 1544 Γέβουτον.

311 1571 437 1667 Γεᾶγια
455 1588 603 1667 compte
619 1602 679 1666 pro
697 1575 836 1668 Γέλγια.
853 1603 886 1646 v.
906 1579 1004 1644 Salm.
1024 1579 1071 1643 Pl.
1090 1579 1151 1642 Ex.
1170 1581 1244 1643 601.
1366 1612 1404 1651 10

310 1689 493 1777 Γέβουπον.
520 1719 578 1761 suo
603 1697 674 1761 loco
698 1704 834 1761 motum.
859 1718 919 1783 pro
941 1687 1098 1784 γδοῦτον,
1124 1695 1211 1782 quod
1232 1715 1357 1782 ponen-

361 1812 439 1875 dum
456 1820 531 1898 post
548 1804 745 1889 Γδούτησεν.

311 1919 461 2014 Γεγᾶασι
479 1928 544 1992 Od.
563 1920 601 1992 δ’.
618 1943 694 2015 325.

311 2041 332 2082 *
343 2035 479 2130 Γεγᾶκω
497 2045 590 2110 Pind.
608 2060 661 2130 51.

312 2155 474 2248 Γεγαῶτα
492 2163 532 2226 Il.
551 2157 582 2229 ι’.
599 2165 675 2248 456.
1369 2187 1404 2250 15

312 2272 436 2365 Γέγγει
461 2288 611 2366 cormpte
635 2301 695 2365 pro
720 2272 850 2367 Τέγγει
876 2280 927 2344 vel
952 2273 1085 2368 Γέλγει.
1137 2279 1202 2345 Sed
1226 2286 1259 2342 et
1276 2278 1356 2344 Lex.

360 2395 451 2458 Am.
470 2388 605 2483 Γέγγει,
619 2391 747 2488 βρέχει.

314 2505 443 2598 Γέγηθε
459 2513 498 2578 Il.
517 2507 557 2579 θ’.
571 2530 646 2601 555.
674 2509 746 2604 [ΑΙ.
764 2537 813 2579 ex.
831 2514 911 2580 Eur.
929 2507 981 2602 9.]

313 2619 474 2714 Γεγηθῶς.
502 2629 581 2694 Lex.
599 2631 691 2694 Arm.
709 2623 872 2717 Γεγηθῶς,
889 2625 1022 2722 χαίρων,
1040 2627 1158 2717 γελῶν.

314 2735 532 2828 Γεγωνοκώμη
551 2744 680 2828 Su[id].
698 2746 792 2810 Eust.
811 2747 922 2834 Etym.
1370 2779 1410 2818 το

314 2852 458 2945 Γέγωνεν
475 2860 514 2924 IL
531 2851 576 2948 ξ’.
589 2864 665 2947 469.

162 2933 163 2943 ¹
279 3045 283 3054 ,
315 2967 472 3061 Γεγωνεῑν
497 2976 537 3042 ΙΙ.
553 2969 600 3055 μ’.
617 2995 693 3065 337.
736 2975 802 3067 [AL
825 3001 875 3044 ex.
892 2980 1006 3044 AEseh.
1026 2981 1077 3057 28,
1095 2998 1149 3061 40.
1185 2978 1265 3042 Eur.
1283 2978 1357 3065 690.

367 3091 460 3157 Pind.
479 3091 543 3177 17.]

316 3200 501 3294 Γεγωνέμεν
519 3210 558 3275 ll.
577 3205 618 3277 θ’.
637 3232 710 3299 223.

315 3319 336 3359 *
348 3317 377 3385 Γ
378 3320 541 3412 εγωνῖσκει
559 3327 672 3392 AEsch.
690 3348 744 3415 43.
1372 3359 1412 3420 ²⁵

314 3432 463 3529 Γεγωνόν
491 3437 870 3531 ε’ν.()γτὶ11.Γεγονο’τας
895 3439 927 3508 ἕν
953 3444 1053 3529 καλῷ,
1077 3441 1183 3514 καλῶς
1206 3437 1360 3534 ἔχοντας.

366 3559 463 3625 Unde
479 3569 590 3625 noster
604 3561 686 3626 forte
703 3560 935 3638 emendandus,
958 3553 1107 3648 Γέγονεν.
1123 3607 1132 3624 .

315 3670 466 3763 Γεγωνώς
484 3677 523 3741 IL
542 3669 582 3743 ὅ.
600 3693 675 3762 227.

316 3789 337 3831 ¹³
349 3785 460 3877 Γεγῶς
480 3793 560 3856 Eur.

316 3901 454 3974 Γείνατο
473 3909 512 3976 Il.
530 3903 571 3974 α’.
584 3911 656 3979 280.

315 4019 489 4103 Γειναμένη
508 4025 631 4092 Herod.
649 4047 720 4110 142,
737 4049 790 4108 41.

315 4133 430 4220 Γεῖσα,
446 4133 489 4207 τὸ
506 4136 548 4206 ἒν.
669 4137 782 4208 ...ἵσ.
800 4146 899 4230 γεῖσα
916 4151 954 4208 ut
970 4152 1003 4209 et
1018 4167 1053 4231 p.
1063 4166 1097 4231 p.

316 4250 498 4328 Γειτνῖασις
520 4259 556 4343 [f.
573 4279 633 4344 pro
651 4253 806 4343 Γειτνῖα.]

317 4366 470 4451 Γειτνῖαι,
489 4369 660 4461 γειτονῖαι.
