3200 5058
306 366 371 432 166
647 367 1021 432 ADVERSARIA

305 529 417 612 Βεμεῖ.
438 537 475 603 F.
496 530 635 618 Βεμβεῐ.
653 558 684 601 ν.
702 529 863 627 Βεμβρεΐ,
882 527 967 600 δινεῖ.

305 642 498 732 Βεμβίδιον.
532 649 569 714 1⁴¹.
587 641 801 742 Βεμβρίδιον.
840 671 885 714 sc.
914 639 1084 739 Βεμβροίς.
1122 653 1156 712 1⁰
1189 641 1349 740 μεμβρᾶς,

354 765 539 851 pisciculus,
555 773 680 829 mutato
696 789 720 841 μ
738 764 773 828 in
789 761 826 846 β.
844 758 1010 854 βεμβρύς.
1026 765 1247 830 Aristomenes
1265 759 1354 841 Βεμ-

353 874 482 973 βρύδας
509 876 618 973 φέρων
648 875 782 962 ύβέλου.
825 881 902 967 Ety.
931 872 1102 971 Βεμβρὰς,
1132 873 1214 952 εἶδος
1243 874 1353 971 ἰχθύος

354 992 512 1068 εύτελοῢς.
541 998 587 1062 Η.
607 997 720 1082 Steph.
751 995 881 1060 deducit
908 1017 927 1059 a
953 991 1085 1078 βεμβίς.
1123 998 1170 1060 At
1197 989 1379 1084 βεμβίδες5

353 1110 459 1198 pisces
476 1133 541 1176 non
560 1111 718 1186 suntsed
735 1132 838 1196 genus
856 1111 1018 1194 quoddam
1034 1133 1143 1195 apum.

304 1221 488 1309 Βέμβλωκε
508 1235 565 1292 aut
590 1236 778 1312 corruptum
804 1235 854 1292 est
875 1249 935 1312 pro
956 1221 1141 1308 μέμβλωκε,
1160 1226 1203 1293 0.
1220 1221 1261 1318 ρ’.
1279 1248 1351 1314 190.

353 1352 409 1407 eut
424 1368 449 1419 μ
466 1343 500 1406 in
517 1338 545 1424 β
561 1343 705 1422 vertitur,
718 1352 756 1407 ut
772 1343 841 1406 fieri
859 1343 950 1420 solet,
967 1351 1006 1406 ut
1022 1351 1076 1407 et.
1093 1390 1101 1408 .
1117 1335 1326 1420 ..Βέμλετο

304 1451 464 1549 Βεμβρδς
479 1481 511 1525 v.
529 1453 673 1550 Βεβρύς.
689 1453 736 1524 ic.
755 1452 1035 1550 Βεβροντημένος.

305 1565 465 1666 Βεμύριξ.
483 1575 563 1660 Leg.
581 1565 748 1666 Βέμβριξ,
765 1582 804 1637 ut
820 1567 951 1655 Βεμβεῖ
971 1581 1004 1638 et
1021 1567 1181 1663 Βεμβρεΐ,
1198 1572 1244 1637 ita
1261 1567 1351 1651 Βέμ-
1365 1590 1400 1628 10

355 1681 418 1775 βνξ
433 1697 466 1752 et
482 1681 648 1779 Βέμβριξ.

305 1796 419 1874 Βένδις
440 1852 448 1868 .
466 1852 474 1868 .
494 1852 502 1868 .
520 1797 752 1870 Β.“Βενδίδεια.
772 1803 909 1870 Strabo:
931 1799 1063 1876 τούτοις
1088 1797 1116 1870 δ’
1133 1799 1215 1870 ἔοικε
1237 1797 1290 1868 καί
1306 1797 1350 1870 τὰ

353 1912 445 2010 παρὰ
468 1925 540 1990 τοῖς
563 1911 673 2012 θρᾳξὶ
700 1914 745 1986 τά
773 1947 812 1986 τε
829 1915 1006 1988 Κοτύττια
1032 1915 1083 1985 καί
1106 1913 1151 1987 τὰ
1174 1914 1350 1986 Βενδίδεια.

352 2058 383 2099 v.
390 2029 538 2122 Μεγάλη
552 2029 646 2116 Θεός,
659 2059 690 2102 v.
700 2031 848 2120 Κνβύκη,
860 2061 891 2105 ν.
905 2030 1076 2114 Ἀδμήτου
1086 2031 1176 2132 κύρη.
1187 2060 1217 2102 ν.
1225 2039 1349 2102 Meurs.

303 2145 443 2217 Βένθεσι
462 2151 501 2216 ΙΙ.
519 2145 554 2216 ν’.
574 2171 625 2219 21.
1024 2167 1027 2176 “
1361 2147 1397 2211 ¹5

303 2261 428 2338 Βένθος
446 2267 486 2332 Il.
504 2259 546 2332 τ’.
565 2268 618 2353 38.

303 2377 475 2473 Βερβίνια.

303 2492 469 2589 Βέρεθρον
487 2497 526 2562 Il.
545 2491 585 2563 θ’.
603 2518 653 2580 14.

302 2608 457 2704 Βέργιος.

303 2723 471 2820 Βερενίκης
500 2723 671 2804 τλύκαμος
700 2753 734 2793 τ.
757 2753 786 2793 κ.
805 2729 846 2820 φ.
865 2722 980 2793 Κόνων
1102 2723 1154 2792 καὶ
1185 2723 1347 2821 Βερενίκη.
1357 2751 1398 2791 20

352 2843 466 2929 Steph.
488 2843 534 2906 ita
558 2843 644 2906 dicta
668 2843 709 2908 ab
734 2843 805 2930 ipsa
830 2843 995 2922 Berenice,
1014 2845 1179 2910 Ptolemaei
1200 2845 1348 2930 conjuge.

351 2953 469 3036 έκλὴθη
487 2951 521 3024 δὲ
537 2953 689 3049 Βερενίκη
711 2950 780 3024 <ivri
804 2961 863 3036 τῆς
880 2953 1099 3038 Πτολεμαίου
1120 2953 1267 3048 γυναικὸς
1283 2955 1348 3025 Βε-

258 3143 261 3146 ,
350 3070 480 3165 ρενίκης.

302 3184 499 3281 Βερενικίδαι
514 3192 627 3278 Steph.
641 3191 697 3276 qui
710 3190 807 3256 etiem
818 3192 859 3256 ab
873 3192 985 3258 eadem
999 3191 1152 3256 Berenice
1164 3193 1271 3258 dictus
1287 3201 1347 3258 est.

303 3300 508 3397 Βερενικίδες.
1359 3323 1394 3388 ²5

302 3417 485 3513 Βερενίκιον
497 3423 520 3488 f.

301 3533 468 3630 Βερκίοος.

301 3648 458 3738 Βέρκται.

302 3762 438 3860 Βέρρης.
464 3770 575 3854 Etym.
593 3764 709 3860 Βέρης,
727 3765 746 3833 ὁ
765 3763 938 3861 δραπέτης·
963 3765 1015 3834 καί
1041 3763 1210 3863 βερεδεύει,
1227 3764 1347 3863 δραπε-

349 3879 442 3949 τεύει.
460 3883 535 3947 inde
558 3886 697 3949 Veredue
713 3907 817 3970 equus
833 3886 1006 3966 cursorius,
1023 3894 1056 3951 et
1079 3889 1270 3952 Veredcriue
1290 3888 1346 3973 qui
1356 3908 1394 3964 30

350 3999 517 4063 coutitur.

301 4106 429 4204 Βερρδν
446 4137 475 4178 v.
495 4107 624 4205 Βειρύν.

301 4225 462 4320 Βερρεύει,
481 4223 678 4320 δραπετεύει.
705 4231 744 4294 L.
755 4221 924 4320 βερεδεύει.
942 4232 1067 4296 Meurs.
1087 4230 1194 4296 Gloss.

301 4337 420 4411 Βεσδν.
450 4347 572 4410 Meurs.
595 4347 714 4410 Lacon.
744 4347 766 4412 l.
784 4368 815 4433 3.
836 4368 865 4410 c.
884 4347 915 4410 6.
941 4341 985 4410 ite
1010 4346 1171 4411 restituit:
1198 4341 1342 4413 Βέστον.
