3200 5058
319 387 382 448 140
665 385 1019 448 ADVERSARIA

366 550 385 618 ὁ
412 545 532 642 ξίσσης
557 548 625 643 ἔχει
653 549 771 644 λίτραν
796 549 882 632 μίαν,
909 568 950 644 γο
970 551 1008 634 η’.
1053 554 1197 620 Galenus
1225 555 1247 619 l.
1269 575 1297 622 1.
1325 556 1365 620 de

367 669 521 756 Compos.
540 669 631 734 Med.
654 665 673 734 ὁ
697 663 731 736 di
753 661 872 758 ξέστηο
894 667 962 762 ἔχει
985 667 1061 749 μίαν
1078 667 1209 764 λίτρον,
1226 666 1277 736 καί
1296 666 1367 748 ἡμί-

367 811 469 864 σειαν,
485 779 538 849 καί
555 781 661 866 ἕκτον,
678 782 717 856 ὡς
734 779 812 852 είναι
829 779 891 858 τὰς
907 779 1018 859 πάσας
1035 783 1173 876 οὕγγίας
1189 780 1227 852 κ’.
1251 787 1366 873 Neque

367 903 459 970 aliter
482 903 661 969 Rhemnius
687 903 853 968 Fanninsz

440 1030 519 1088 Nam
534 1029 625 1097 librae,
641 1040 675 1088 ut
689 1040 859 1099 memorant,
875 1031 986 1088 bessam
1001 1029 1145 1088 sextarius
1159 1028 1250 1096 addit,
1378 1050 1393 1107 5

441 1127 500 1186 Seu
517 1147 604 1206 puras
618 1127 728 1206 pendas
742 1127 852 1196 latices,
867 1147 918 1184 seu
933 1127 1010 1185 dona
1024 1127 1114 1206 Lyoei.

368 1259 533 1329 Sextarius
558 1264 667 1348 itaque
696 1264 794 1328 habet
828 1265 896 1328 XX
909 1264 1032 1341 uncias,
1067 1287 1144 1350 ergo
1174 1264 1203 1328 L
1237 1263 1366 1328 sextarii

367 1379 479 1444 uncias
505 1379 556 1442 M.
617 1381 667 1443 At
685 1401 890 1464 unaquaeque
907 1380 1004 1445 uncia
1020 1380 1120 1445 habet
1136 1379 1246 1443 holcas
1263 1379 1365 1444 VIII.

367 1486 455 1560 ut'et
471 1495 651 1560 drachmas.
670 1495 743 1560 Lib.
758 1496 797 1559 dc
816 1496 924 1560 Mens.
943 1503 975 1560 et
987 1497 1089 1560 Pond.
1108 1495 1233 1560 Galeno
1247 1495 1368 1580 ascrip-

368 1621 433 1696 tus,
459 1611 535 1701 ἧγ0
565 1607 634 1702 ἔχει
661 1604 811 1702 δραχμὰς
837 1605 875 1689 η’,
902 1607 1018 1681 αἵτινες
1043 1605 1094 1675 καί
1121 1604 1215 1675 ὁλκαί
1249 1606 1367 1698 λέγον·
1380 1635 1417 1674 ιο

368 1753 435 1805 ται,
466 1726 484 1804 ἦ
519 1721 553 1793 di
580 1723 673 1806 ὁλκὴ,
702 1727 775 1801 ἤτοι
803 1726 820 1804 ἡ
847 1721 989 1818 δραχμὴ,
1006 1719 1139 1817 κεράτια
1167 1723 1235 1817 ἔχει
1261 1721 1311 1804 ιη’.
1337 1727 1367 1790 L

368 1845 467 1929 igitur
495 1845 623 1910 sextarii
650 1844 817 1908 continent
841 1846 926 1909 8000
951 1845 1069 1921 holme,
1097 1844 1163 1909 sive
1188 1845 1366 1908 drachmas.

369 1961 445 2028 Quo
462 1970 615 2047 computo
632 1962 727 2041 facto,
745 1969 777 2025 et
793 1969 938 2025 veterum
955 1961 1148 2026 authoritate
1166 1961 1365 2035 confirmato,

368 2078 518 2142 nouerit
543 2077 670 2142 difficile
696 2076 974 2162 corruptissimum
999 2078 1087 2140 hunc
1108 2077 1216 2140 locu-m
1237 2097 1367 2139 emacu-

370 2193 448 2260 lare.
502 2194 588 2258 Nam
606 2172 669 2271 dha
694 2215 760 2258 non
780 2201 856 2258 sunt
872 2213 931 2278 pro
948 2193 1083 2256 totidem
1100 2193 1199 2256 literis
1216 2209 1414 2269 numera-15

369 2308 454 2373 libus
480 2309 683 2394 accipiendae,
701 2308 758 2372 sed
775 2289 817 2384 dh
835 2307 916 2374 nihil
933 2307 1021 2374 aliud
1037 2317 1114 2375 sunt
1139 2329 1237 2394 quam
1254 2307 1367 2372 abbre-

370 2425 467 2490 viatio
483 2425 548 2492 τῶν
565 2419 729 2518 δραχμῶν,
748 2434 780 2489 et
797 2433 960 2511 postrema
975 2425 1067 2490 litera
1084 2419 1110 2502 η’
1128 2425 1301 2490 numeralis
1317 2433 1368 2490 est

368 2549 402 2606 et
423 2541 607 2620 millenaria,
625 2549 721 2626 atque
743 2540 788 2604 ita
810 2540 1026 2618 scribendum,
1044 2539 1143 2626 ἤγουν
1169 2533 1314 2630 δραχμαί
1332 2565 1367 2628 1η.

370 2660 421 2723 Ita
437 2657 536 2742 igitur
551 2658 683 2720 tandem
699 2664 806 2720 totum
824 2656 1071 2742 concipiendum
1088 2676 1226 2721 censeo:
1245 2647 1366 2731 Baitios,

370 2766 389 2838 ὃ
415 2767 468 2836 καί
493 2764 611 2853 βάτος,
630 2764 654 2838 ν’
672 2763 800 2859 ξέοι-αι,
822 2771 920 2858 ἤγουν
941 2765 1092 2862 ’δραχμαί
1118 2799 1145 2860 ῃ.
1165 2771 1186 2836 i.
1200 2795 1228 2836 e.
1247 2763 1366 2847 Ba'doe,
1378 2797 1416 2837 αα

372 2889 461 2974 quod
493 2897 526 2952 et
555 2879 669 2958 Βοίτας
703 2887 831 2968 dicitur,
862 2889 1005 2954 continet
1035 2905 1078 2974 50
1108 2888 1272 2966 sextarios,
1302 2887 1367 2952 sive

371 3006 539 3070 drachmas
558 3007 654 3070 8000.

322 3114 515 3208 Βαιίελεγεῖ,
530 3116 683 3207 ιἰμὲλγει.
709 3121 839 3206 Anony.
858 3120 934 3185 MS.
952 3113 1153 3208 Βαὸελαγεῐ.
1194 3120 1366 3207 Scripsisse

372 3237 530 3301 Nostrum
556 3236 702 3321 suspicor
726 3229 904 3322 Βαδελγεῖ,
927 3236 1024 3320 idque
1046 3244 1195 3322 corrupte
1216 3259 1276 3322 pro
1297 3232 1368 3301 Βα-

373 3348 501 3438 βείιγεῖ.Ι
564 3351 615 3416 Ita
644 3373 721 3416 sane
753 3352 831 3416 Lex.
862 3351 937 3418 MS.
967 3353 1029 3417 sub
1058 3354 1188 3418 nomine
1216 3355 1366 3432 Eudemi,
1376 3378 1413 3435 25

372 3462 557 3555 Βαβελγεῖ,
585 3463 734 3555 ἁμέλγει,
762 3467 888 3552 opinor,
915 3477 1011 3535 recte.
1078 3469 1145 3534 Ubi
1172 3469 1314 3554 primum
1340 3465 1367 3551 β

372 3583 504 3668 spiritus
525 3591 574 3647 est
590 3583 741 3660 Dodona,
760 3605 817 3646 sen
836 3582 928 3646 litera
946 3584 1232 3669 Pamphyliorum3
1259 3594 1368 3671 poste-

371 3699 440 3762 rius
466 3707 574 3762 autem
602 3721 641 3762 ex
667 3723 691 3774 μ
719 3699 850 3775 factum,
874 3700 963 3783 quod
991 3699 1115 3764 Graecis
1141 3701 1305 3782 familiare,
1330 3711 1367 3766 ut

372 3809 566 3895 βέμβλωκεν
591 3821 624 3876 et
646 3808 794 3894 βέμλεσο
812 3836 871 3899 pro
896 3810 1088 3896 μέμβλωκεν
1105 3825 1138 3880 et
1153 3813 1313 3896 μέμλετο,
1330 3826 1368 3882 ut

372 3919 511 4018 βόρμαξ
525 3950 584 4013 pro
600 3920 739 4018 μύρμηξ,
756 3938 789 3993 et
805 3925 1031 4012 ἐπιστοβέωσι
1053 3951 1113 4016 pro
1132 3927 1416 4009 ἐπιστομίωσι.30

323 4037 456 4122 Boddir,
469 4040 547 4125 βυσ.
558 4035 619 4108 s'rd.
637 4039 680 4112 εἷς
697 4038 808 4134 ἱερέας.
828 4046 873 4109 Η.
897 4045 1081 4131 Stephanus
1098 4048 1176 4134 legit
1185 4045 1228 4120 sic
1244 4045 1367 4139 ἱερείας,

371 4165 404 4220 et
429 4157 533 4233 vertit,
564 4179 626 4240 quc
654 4159 824 4224 utebantur
850 4182 919 4225 οαια
944 4183 1012 4225 rem
1042 4163 1180 4226 divinam
1203 4163 1366 4244 facerent.

366 4264 535 4362 Atidpaa
557 4295 623 4336 non
645 4279 694 4336 est
718 4277 909 4358 sacraficatio
927 4277 983 4339 sed
999 4279 1155 4360 scorastan.
1208 4277 1367 4341 Observa-

371 4396 460 4452 verat
485 4389 547 4452 hoc
575 4388 779 4452 Herodianus
806 4392 892 4476 apud
925 4392 1166 4477 Phrynichum:
1199 4385 1242 4458 τὸ
1267 4387 1368 4482 ἔργον

371 4498 517 4581 σημαίνει
547 4503 564 4579 ἡ
594 4498 731 4592 ἰατρεία,
759 4499 810 4569 καί
838 4503 856 4580 ἡ
883 4501 1045 4594 ἀριστεία,
1073 4503 1179 4574 οὐκέτι
1208 4500 1241 4573 δὲ
1268 4503 1320 4572 καί
1348 4503 1413 4593 ἡ35
