3188 5052
312 356 355 428 96
538 397 539 400 =
651 351 1033 418 ADVERSARIA

308 518 498 595 Ἀπένεικας
516 524 556 588 Il.
573 515 616 610 ξ’.
636 537 697 608 255
716 521 823 586 Schol.
1049 598 1051 602 Ι

307 631 492 725 Ἀπεννέπῃ
510 638 590 702 Eur.
609 651 681 722 295·
710 633 777 722 [Al.
794 657 844 700 ex.
861 635 974 699 AEsch.
994 619 1086 719 295]

307 746 494 824 Ἀπὲοντος
512 753 551 818 ll.
571 745 619 846 ζ’.
639 755 713 839 362.

311 867 331 907 *
343 861 555 960 Ἀπέραντον
573 867 684 933 Lucia.
706 886 779 946 124,
800 887 852 934 21.

308 977 536 1054 Ἀπέπαντος.

310 1093 536 1190 Ἀπέπρησεν,
554 1093 613 1162 ἆπ.
631 1091 778 1187 ἆπεφυσ.
796 1085 940 1184 ἆτεμᾶρ.

310 1208 512 1304 Ἀπεπνρία.

312 1322 570 1419 Ἀπεπυρῖασεν.

312 1437 515 1521 Ἀπειπέμεν
532 1443 596 1508 Od.
614 1436 655 1508 α’.
674 1465 727 1531 91.

278 1607 279 1610 ¹
312 1553 595 1652 Ἀπεπορενόμην.
1375 1582 1409 1620 ιο

313 1667 511 1763 Ἀπέργαθε
527 1697 559 1739 v.
575 1667 802 1766 Ἀποὲργαθε.

313 1781 589 1880 Ἀπεριλᾶλητον
605 1837 613 1854 .
628 1837 636 1853 .
650 1783 772 1880 ἆφελῆ.
825 1788 890 1853 Sed
905 1789 1046 1852 multum
1062 1789 1115 1854 hic
1132 1789 1258 1854 differre
1275 1789 1360 1853 vide·

366 1913 421 1967 tur
444 1904 484 1967 ab
508 1926 546 1968 eo
571 1925 669 1968 sensu
692 1927 757 1988 quo
780 1904 935 1990 accipitur
952 1905 992 1968 de
1010 1905 1166 1992 AEschylo
1183 1905 1271 1989 apud
1286 1903 1360 1967 Ari-

368 2018 677 2103 stophanemRanis
697 2021 777 2105 163..
795 2020 851 2084 sed
867 2042 898 2084 v.
916 2021 958 2083 A.
974 2019 1057 2084 Gell.
1075 2020 1097 2084 l.
1115 2039 1190 2090 1.,ο.
1206 2033 1255 2104 15.

318 2125 540 2223 Ἀπερῖγασε.
557 2121 589 2197 ν.
605 2128 812 2224 Ἀπὲργαθε,
831 2143 864 2199 et
877 2127 1093 2225 Ἀπερρῆσει.
1377 2153 1407 2216 15

316 2239 602 2337 Ἀπερῖβλεπτον,
621 2242 840 2326 ἀνυπονόητον
858 2241 991 2338 Su[id].

317 2355 555 2454 Ἀπεριὲργως,
573 2357 829 2454 ἀπερισκέπτως.

321 2476 341 2516 *
352 2472 630 2569 Ἀπεριμερίμνως
647 2479 812 2565 An'stoph.
831 2500 883 2564 90.

318 2585 601 2681 Ἀπερισκέπτως.

319 2700 514 2796 Ἀπερεῖσια
532 2707 571 2770 Il.
588 2699 630 2771 α’.
647 2729 695 2795 13.

319 2812 602 2910 Ἀπερισπᾶσπως
621 2822 725 2888 1001.
742 2841 773 2908 5,
791 2840 843 2910 35.

319 2930 600 3028 Ἀπερίτρεπτον.
626 2933 672 3004 ἵσ.
686 2931 937 3030 Ἀπερῖτροπον
955 2935 1085 3026 Su[id].

314 3043 468 3143 Ἀπερρε
484 3052 650 3140 Aristoph.
668 3054 715 3118 Su
721 3051 797 3141 [id].

319 3162 548 3258 Ἀπερρῖγασι
566 3167 629 3233 0d.
647 3162 693 3251 β’.
711 3184 766 3255 52.

319 3276 567 3374 Ἀπερρῶοντο,
585 3279 775 3376 ἐρρωμένως.

319 3394 497 3489 Ἀπερύκοι
516 3399 555 3464 ΙΙ.
574 3391 613 3464 δ’.
631 3416 707 3485 542.

320 3508 504 3606 Ἀπερωεὺς
522 3514 562 3580 Il.
581 3507 624 3580 θ’.
642 3519 719 3602 361.
742 3507 900 3607 ..ἐρωήν

319 3626 521 3723 Ἀπερῦκειν.
1047 3685 1050 3690 .

320 3737 529 3836 Ἀπερωπὸς,
541 3745 585 3809 ita
602 3755 635 3810 et
648 3748 758 3833 Etym.
778 3748 824 3810 At
834 3741 1036 3836 Ἀπερώπως
1053 3737 1143 3810 ἆδοκ.
1154 3744 1280 3809 videtur
1297 3766 1366 3808 esse
1505 3765 1507 3768 ·

375 3853 575 3948 ἀπεριῶπως,
592 3869 630 3924 ut
647 3854 926 3952 Ἀπερισκέπτως.
1377 3873 1416 3929 30

321 3964 565 4064 Ἀπερωῆσειας
583 3975 621 4040 ll.
640 3969 686 4040 π’.
705 3993 766 4063 723
786 3977 892 4042 Schol.

321 4082 507 4177 Ἀπέσαξε,
516 4085 691 4182 ἔστρωσεν,
702 4086 910 4184 ἆπὲστρωσε.
928 4115 958 4158 v.
967 4083 1149 4179 Ἐπέσαξε.
1162 4091 1246 4155 Gen.
1254 4111 1305 4172 24,
1315 4112 1367 4180 32.

318 4195 493 4268 ’Άπεσθαι
511 4213 661 4290 corrupte
678 4227 737 4290 pro
754 4201 904 4272 ἔπεσθαι.

326 4310 539 4396 Ἀπεσῖμωσε
552 4368 561 4385 .
574 4369 583 4386 .
598 4311 898 4412 .προσαναβᾶσεις.

325 4423 593 4502 Ἀπεσκόλυπτε.
622 4459 654 4503 ν.
673 4429 879 4504 Σκολύπτειν
896 4444 929 4504 et
942 4429 1217 4503 Ἀποσκόλνπτε.
1380 4443 1417 4503 35
