3140 5054
283 393 379 457 xxxiv
693 393 732 458 R.
748 392 964 458 BENTLEII

283 636 286 643 ¹
321 564 395 640 βείω
410 583 430 624 α
443 565 527 641 βῆμι,
544 586 570 625 ει
584 568 618 624 et
636 587 646 624 ι
660 561 778 646 passim
793 561 940 624 confund.
965 563 1043 645 Peg.
1060 568 1211 646 sequente
1223 559 1377 643 Βλάκακα]

322 663 399 749 Leg.
421 662 524 743 βλάκα
546 665 595 726 καὶ
617 665 789 742 βλακεύειν,
814 662 868 726 τὸν
890 662 984 744 ἀργὸν
1008 663 1056 726 καὶ
1078 665 1192 744 ἀργεῖν,
1210 661 1375 742 Ἀθηναῖοι,

322 765 395 828 ἔνιοι
411 791 460 846 πρ.
1198 796 1202 802 ’

280 864 424 945 Δαίζομαι
447 871 521 950 post
545 865 637 950 δάϊξε]
675 865 785 930 Seribe
811 887 851 930 ex
874 865 954 929 serie
979 863 1025 929 lit.
1051 864 1194 946 δαίξομαι,
1222 865 1307 949 quod
1334 865 1376 930 ab

323 967 484 1051 Heuyehio
498 967 580 1032 male
594 968 711 1032 lectum
726 989 784 1052 pro
800 965 933 1046 διίξομαι.
951 966 1049 1030 Hom.
1065 966 1103 1030 Il.
1116 970 1145 1029 ί.
1161 988 1189 1030 v.
1203 968 1255 1030 61.

280 1070 452 1153 Δελεδάνη]
479 1069 580 1132 Error
596 1069 694 1154 ipsius
715 1068 847 1132 autoris.
883 1069 938 1132 Ite
952 1067 1082 1131 debuit:
1106 1067 1268 1146 Ἑλεδάνη,
1285 1069 1376 1146 ὄσμυ-

322 1178 386 1244 λος,
404 1174 497 1254 ίχθάς.
536 1171 627 1235 Infra
640 1169 805 1254 Ὀσμύναι]
832 1171 911 1255 Leg.
927 1171 1066 1249 άσμύλαι,
1082 1174 1266 1248 βολβιτῖναι,
1284 1175 1351 1232 θαλ.

280 1275 590 1357 Διαπατταλευθείση]
628 1273 704 1358 Leg.
731 1271 1025 1350 διαπατταλευθήσει,
1052 1270 1245 1350 -διαταθήαη,
1301 1270 1375 1335 Ari-

321 1375 427 1459 stoph.
443 1374 521 1439 Ἱππ.
540 1375 825 1455 διαπατταλευθήσει
839 1375 943 1459 χαμαὶ,
961 1375 1045 1458 quod
1060 1374 1133 1439 Att.
1150 1395 1207 1458 pro
1221 1375 1313 1454 -ήση,

279 1476 517 1561 Διαπονδαρίζει]
541 1477 629 1540 Ordo
644 1477 707 1541 litt.
725 1476 866 1542 ostendit
880 1476 927 1541 ite
942 1477 984 1540 eb
998 1482 1111 1540 autore
1126 1475 1279 1560 seriptum
1293 1498 1371 1550 esse,

320 1584 356 1641 at
370 1577 481 1642 vitiose
495 1600 553 1662 pro
568 1581 775 1660 διαπυδαρίζει,
791 1579 891 1643 velut
905 1600 1039 1664 gramm.
1056 1579 1185 1662 quidam
1197 1581 1304 1642 -πυνδ.

276 1682 475 1742 Διατεύονται
489 1687 522 1743 et
538 1680 718 1764 διατεύοντο]
737 1688 772 1745 at
787 1703 807 1744 o
821 1688 930 1744 noster
944 1679 1081 1764 pessime
1094 1679 1199 1764 legisti
1213 1702 1272 1764 pro
1286 1678 1372 1743 δατέ-

321 1803 406 1841 ονται
427 1786 461 1842 et
484 1778 635 1855 δατέοντο,
651 1801 721 1864 quae
738 1779 911 1844 Homerica
932 1785 1015 1843 sunt.
1062 1780 1117 1842 Ite
1132 1783 1160 1842 δι
1174 1799 1256 1862 saepe
1271 1799 1330 1862 pro
1345 1781 1371 1850 δ,

319 1903 390 1965 quae
405 1880 438 1942 in
451 1902 526 1943 mse.
542 1902 656 1965 perum
671 1881 831 1946 differunt.
861 1881 913 1945 Sie
928 1880 1173 1959 διειλοκομπάσαι
1187 1901 1246 1964 pro
1261 1883 1372 1942 δειλοκ.

319 1991 353 2050 et
367 1984 438 2048 elia.
471 1983 548 2048 Vice
563 2005 654 2048 versa
668 1992 742 2068 post
759 1987 915 2067 Διερίπιαε
929 1991 1016 2048 reete
1031 1983 1158 2067 quidem
1173 1981 1294 2046 editum
1308 1981 1372 2062 δέρ

320 2112 380 2158 κεο,
396 2093 432 2150 at
447 2085 617 2170 scripserat
632 2085 773 2170 Heeyeh.
790 2085 903 2168 διέρκεο
918 2086 1076 2149 mendose.

277 2194 469 2268 Διεφοβεῖτο,
487 2189 638 2264 ἐδεδοίκει,
652 2197 729 2252 ante
745 2188 966 2267 Διεβάλλοντο.
1014 2188 1187 2271 Repugnat
1206 2185 1285 2248 ordo
1308 2183 1371 2248 litt.

319 2288 420 2354 scribe
436 2291 502 2364 Δίε,
520 2292 675 2369 ἐφοβεῖτο,
690 2293 731 2353 ἐδ.
778 2289 874 2352 Hom.
892 2291 1031 2371 περὶγὰρ
1046 2289 1090 2352 δίε
1107 2291 1162 2351 δια.

276 2388 1370 2474 Δύνασαισιωπᾶν]ὃατὶίι.βουλάμενον,είπεῖνἐνταῖςΑὐλητρίσινοῧτυς·

404 2525 444 2587 Α.
467 2526 606 2588 Δάνασαι
620 2529 736 2588 σιωπᾶν
748 2551 755 2598 ;
781 2524 818 2588 Β.
828 2521 929 2586 Ὥστε
943 2523 1011 2590 τοὺς
1025 2526 1078 2590 τὰς
1092 2523 1243 2590 διαλύσεις

468 2625 695 2706 συντιθεμένους
710 2625 884 2706 κεκραγέναι
899 2630 997 2689 δοκεῖν
1012 2656 1036 2686 υ
1049 2663 1094 2688 -.

318 2759 496 2840 Αδλητρίδες
511 2760 623 2824 drame
638 2760 842 2825 Phoenieidae.
887 2761 981 2825 Adde
996 2760 1029 2823 in
1046 2760 1154 2824 Iudice
1171 2759 1344 2824 Prieaeano.

277 2875 401 2939 Ibidem
417 2877 617 2963 Δυσάλωτον]
642 2879 722 2962 Leg.
740 2878 934 2954 δυσάλυκτον,
949 2879 989 2958 μὴ
1005 2879 1176 2959 ἐκφευκτάν.

274 2977 460 3062 Ἐπαλογῆς]
478 2978 533 3042 Bis
548 2979 666 3044 erravit
681 2980 878 3065 Hesychius:
897 3003 971 3044 nem
986 2983 1116 3058 σπουδῆς
1129 2987 1179 3044 eet
1195 2982 1368 3062 ἐπειγωλῆς,

317 3089 350 3144 et
368 3081 504 3145 alterum
519 3095 569 3146 est
584 3085 766 3164 ἐπαλλαγῆς.

272 3179 481 3267 Ἐπεζάρυκεν]
512 3183 620 3247 Scribe
641 3182 848 3265 Ἐπεζάρηκεν,
872 3183 982 3265 ἐπιβή·
1025 3183 1191 3264 Ἐπεζάρει,
1215 3181 1367 3264 έπεβάρει,

317 3284 459 3356 ἐπέκειτο,
477 3283 637 3365 ἐπεκράτει.
654 3282 856 3365 ήἘπεζήτει,
878 3286 1018 3368 ήνάχλει,
1042 3287 1199 3368 ἐπεχείρει,
1224 3285 1368 3367 ἐπετήρει.

316 3384 539 3466 ήἘπεζητοΰν,
555 3390 592 3450 τὰ
606 3385 689 3451 αὐτά.
735 3388 842 3471 Eurip.
860 3388 1016 3452 Phoeniss.
1032 3411 1059 3451 v.
1076 3409 1125 3470 15.
1141 3389 1180 3455 ὣς
1195 3389 1221 3452 δ’
1236 3391 1369 3470 ἐπεζάρει

316 3490 414 3570 Σφὶγξ
430 3491 595 3570 ἁρπαγαῖσι
609 3492 708 3552 πάλιν.

268 3587 450 3672 Ἕναστρος]
480 3589 556 3673 Leg.
581 3589 773 3653 eertissime:
801 3588 969 3672 Ἔναστρος
991 3592 1068 3655 ὥστε
1087 3591 1368 3675 ,καινάς-Ἀχαιὸς

314 3689 530 3773 Ἀλφεσιβοίᾳ,
546 3692 611 3753 ἀντὶ
625 3697 677 3754 τοῦ
691 3693 752 3758 ὑάς.
775 3695 828 3758 τὰς
841 3696 898 3773 γὰρ
912 3697 1031 3775 βάκχας
1045 3696 1134 3760 ὑάδας
1151 3695 1197 3758 ἔλ.

600 3807 769 3888 Ἐναστρος
783 3810 860 3873 ὥστε
874 3813 1023 3890 μαινὰς-

314 3908 439 3973 initium
453 3908 600 3972 trimetri.

270 4005 499 4094 Ἐνδεκάτευσα]
515 4010 616 4074 Error
630 4009 792 4095 Hesychii.
827 4012 978 4097 oportuit
991 4013 1201 4093 Ἐδεκάτευσα,
1216 4015 1269 4092 τὴν
1284 4018 1366 4078 δεκά-

313 4135 367 4187 την
382 4112 560 4191 ἐπραξάμην.
606 4113 731 4176 Ibidem
747 4115 938 4199 ἐνδενειλεῖν]
962 4115 1071 4180 Seribe
1087 4118 1296 4181 ἐνδενδίλλειν.

269 4207 436 4374 Ἐνέφίηνεν
450 4221 524 4295 post
540 4215 714 4296 ἐνέφραξεν.
761 4217 838 4300 Leg.
857 4215 959 4297 ἐνέφυ,
977 4219 1151 4296 ἐνελάβετο.
1198 4217 1294 4281 Hom.
1311 4218 1366 4281 Ἐν

314 4309 338 4374 δ’
373 4337 412 4391 ρα
426 4315 455 4375 οἱ
470 4318 512 4393 φῦ
527 4316 583 4379 δυσ.

269 4411 442 4492 Ἐννέαρος,
458 4413 556 4498 θέτης]
582 4418 634 4482 lte
648 4416 800 4501 seriptum
815 4398 834 4483 θ
849 4417 926 4496 έτης,
942 4417 962 4480 i.
975 4440 1003 4481 e.
1020 4417 1169 4495 ένναέτης.
