3188 5052
542 383 906 450 HESYCHIANA.
1205 384 1248 450 47

204 545 434 643 Ἀκρόχειρος.
451 545 498 616 ίσ.
525 559 673 636 corrupte
690 572 750 637 pro
765 545 899 640 Αὖτοχ.

201 647 416 758 Ἀκρωβέλια
433 666 484 730 vel
498 660 706 757 Ἀκροβίλια
723 691 756 731 τ.
774 659 806 729 ἆ.
823 689 856 730 τ.
874 661 903 730 ό.
922 659 974 729 κοί
992 657 1246 755 (Ἀκρωβελίος)

254 781 315 846 τοῦ
331 775 499 864 diffamatos
516 772 630 872 ἄρτου.
657 781 751 845 Eust.
769 801 861 866 1405,
877 781 928 848 26.

202 887 337 987 Ἀκρῶα
359 921 393 960 σ.
410 889 536 986 ἔντερα,
555 894 663 960 Gloss.
684 897 830 979 querus,
847 885 891 960 τὸ
907 885 1006 985 ἄκρον
1022 893 1087 959 τῶν
1104 888 1247 986 ὀρνίθων.

256 1005 506 1102 8ο1ω.ἆκρῶον.
1256 1037 1273 1098 5

204 1119 411 1216 Ἀκρωμῖτοι
430 1126 563 1212 Olymp.
581 1148 632 1212 ap.
652 1127 746 1192 Phot.
764 1147 797 1210 p.
816 1126 886 1210 189,
903 1140 956 1210 59.
1172 1131 1175 1138 '

206 1234 355 1330 Ἀκρώνα
371 1241 482 1327 Etym.

206 1350 376 1445 Ἀκρωνίο.
420 1347 611 1445 ἅθροισμος.
645 1355 772 1419 videtur
800 1355 933 1419 omnino
963 1354 1070 1418 locum
1099 1353 1248 1438 AEschyli

256 1472 394 1536 Eumen.
412 1471 447 1535 in
469 1471 569 1535 oculis
589 1470 751 1549 habuisse,
768 1480 800 1533 et
822 1469 987 1554 scripsisse
1012 1469 1248 1554 interpretatio-

256 1608 331 1650 nem
357 1585 419 1651 τοῦ
447 1585 598 1662 λευσμοῦ,
626 1606 685 1670 pro
715 1585 813 1650 altera
840 1579 1003 1676 ἆκρωνίας.
1029 1606 1059 1650 v.
1081 1599 1151 1670 173.
1182 1584 1295 1652 im010

256 1723 286 1766 v.
308 1701 379 1764 188.
405 1723 438 1786 p.
457 1702 530 1768 266.
567 1699 760 1785 conjectura
777 1699 900 1776 debilis,
917 1699 1002 1764 idetis
1019 1700 1105 1764 enim
1122 1707 1248 1764 utrum-

257 1839 319 1902 que
337 1815 515 1901 significare
531 1823 649 1901 potest„

206 1924 464 2022 Ἀκρωτερῆσαι.
489 1926 536 1997 ίσ.
554 1923 831 2023 Ἀκρωτηριιίσαι.

204 2039 343 2124 Ἀκτᾶς,
369 2041 548 2134 αἰγιαλοὺς,
567 2040 739 2139 πετρώδεις
755 2071 788 2112 τ.
816 2045 882 2134 [Al.
899 2069 948 2110 ex.
966 2049 1117 2114 Ammon.
1135 2047 1247 2112 AEsch.

259 2161 348 2249 259·]
486 2167 489 2172 ’
1260 2185 1296 2251 15

207 2272 362 2344 Ἀκταία.
390 2278 442 2342 Ita
457 2278 560 2342 tiibus
577 2277 761 2356 vocabatur,
778 2286 863 2343 terra
879 2301 953 2344 vero
968 2273 1088 2355 Ἀκτῆ.
1135 2278 1199 2344 Sed
1216 2287 1250 2343 et

258 2402 331 2457 tura
356 2394 545 2479 paragogiee
572 2393 738 2458 dicebatur
762 2389 889 2474 ἆκταίη,
912 2403 951 2458 ut
972 2395 1066 2458 Eust.
1095 2403 1185 2459 notat
1210 2417 1249 2458 ex

259 2509 454 2574 callimacho
482 2511 533 2592 84,
550 2525 582 2595 5.
633 2504 777 2576 ἆκτίτοο.
806 2509 918 2596 steph.
944 2509 978 2573 in
1002 2506 1121 2586 Ἀκτῆ.
1173 2510 1248 2595 Ipse

259 2624 456 2710 paulopost.

209 2733 459 2820 Ἀκτοὶίτμίνον,
475 2764 593 2831 προῃρ.
1260 2773 1298 2812 20

203 2848 371 2946 Ἀκτερις.
396 2848 611 2947 v.'‘Ax·1·epot.

203 2961 376 3060 Ἀκτεροι,
394 2963 534 3060 ἅφοτοι.

202 3075 377 3174 'Axi-epos,
402 3077 542 3175 ίίφατοι.
571 3080 618 3150 ίσ.
641 3081 869 3178 Ἀκτέριστοι,
895 3079 1035 3178 ἄταφοι.
1062 3109 1092 3152 τ.
1111 3079 1248 3176 Κτίρες.

259 3191 278 3272 ’ἦ
294 3192 369 3288 περὶ
386 3191 446 3263 τὸν
454 3191 554 3264 Ἀθω
570 3197 674 3290 χώρα.
701 3202 813 3287 steph.
831 3201 865 3266 in
883 3195 1001 3278 Ἀκτὴ.
1054 3203 1136 3266 Haee
1152 3199 1250 3286 perti-

260 3322 339 3376 nent
356 3314 396 3376 ad
413 3308 505 3390 ἀκτή.
1261 3344 1296 3405 25

208 3423 316 3504 'Am-iz
330 3474 338 3491 .
352 3476 360 3492 .
375 3421 426 3492 διὰ
443 3421 485 3493 τὸ
502 3421 756 3520 ττροσιίγνυσθαι
769 3480 777 3496 .
790 3481 798 3496 .
810 3478 818 3495 .
831 3424 1112 3522 καταράσσεσθαι,
1131 3423 1180 3496 διὸ
1197 3425 1250 3496 καί

259 3541 402 3634 ῥηγμῖνα
416 3592 424 3608 .
440 3593 448 3609 .
462 3593 472 3609 .
486 3539 635 3636 ἀλφίτου
653 3547 691 3611 ΙΙ.
710 3541 752 3612 λ’.
772 3549 846 3634 630.
872 3541 1015 3633 λέγομεν
1040 3539 1094 3611 οὖν
1117 3531 1169 3611 κοί
1195 3542 1250 3610 οὐ·

259 3654 315 3723 τοί
341 3650 432 3749 παρὰ
457 3685 490 3724 τ.
513 3685 550 3723 π.
570 3685 607 3737 μ.
631 3653 731 3732 ἀκτὰς
755 3688 790 3727 τ.
807 3687 840 3726 τ.
858 3687 892 3726 τ.
917 3655 1113 3738 καλούμενον
1138 3656 1248 3738 ἀκτήν.
1309 3675 1312 3684 ’

266 3771 332 3859 [AL
350 3797 398 3838 ex.
417 3775 495 3839 Eur.
513 3771 599 3860 196.]
1127 3771 1136 3784 ²

209 3879 317 3974 Ἀκτῇ
335 3883 388 3952 ε’ττί
406 3886 606 3981 προυχούσῃ,
623 3886 655 3954 ἐν
672 3891 737 3956 Od.
754 3884 798 3956 ω’.
817 3894 868 3960 82.
1260 3921 1300 3978 30

184 3988 188 3994 ³
209 3995 335 4074 Ἀκτίς.
358 3998 407 4070 ίσ.
425 3998 556 4081 ’Amris
583 4029 613 4071 v.
630 4007 725 4071 Eust.
744 4008 784 4072 de
801 4003 994 4098 Δημήτερος
1011 4003 1121 4084 ἀκτήν.

211 4111 367 4196 'Aniene
387 4114 751 4211 ·>s'eoe}1arp.su[·d].
796 4123 910 4209 steph,
926 4117 1064 4190 ἆκτίτου
1087 4117 1195 4214 πέτρα
1218 4121 1253 4186 in
1283 4196 1287 4203 ‚

211 4341 420 4438 Ἀκτορίωνε.
448 4352 486 4415 ΙΙ.
505 4343 560 4438 ψ’.
579 4353 653 4438 638.
