3200 5058
569 364 967 428 HESYCHIANA.
1228 366 1288 435 191

245 523 393 600 Βωλῖνος
412 577 420 596 .
441 577 449 593 .
467 533 556 596 πλιν.

244 639 402 723 Βῶμενοι.
420 670 451 712 v.
471 646 583 733 steph.
598 643 724 726 Βωμοῖ.

244 754 414 840 Βωμῖσκοι
441 758 472 829 ἆ.
490 755 644 835 ἆνισιῖκιν.
670 760 702 830 ἆ.
721 755 873 836 (irretirer.
899 787 931 830 v.
948 766 1114 830 Thoonem
1137 788 1164 830 o.
1184 787 1235 853 29.
1259 776 1292 832 et

295 878 423 944 Nicom.
442 901 475 965 p.
493 895 547 966 55,
565 882 618 965 56.

246 992 266 1032 *
280 987 431 1072 Βωμοῐσι
449 1018 480 1061 v.
498 996 650 1060 Ammon.
1300 1023 1317 1086 5

246 1105 332 1176 Βῶν.
351 1113 391 1176 ll.
410 1105 446 1189 η’.
466 1115 539 1200 238.
556 1135 587 1177 v.
606 1108 689 1184 Βῶς.

247 1221 388 1317 Βῶρμον
418 1230 539 1296 Athen.
554 1232 630 1315 619.
662 1230 779 1294 dicitnr
807 1225 951 1320 Βῶρκος.
977 1231 1012 1295 in
1040 1232 1189 1318 Excerpt.
1215 1233 1290 1298 Ms.

296 1339 439 1436 Βῶρβος
457 1343 528 1430 (sed
539 1343 565 1428 β
578 1369 663 1432 saepe
681 1368 740 1432 pro
749 1345 789 1435 μ)
803 1347 873 1412 Jul.
887 1348 954 1412 Pol.
969 1343 1045 1436 [IV.
1057 1342 1126 1435 54]
1141 1343 1292 1440 Βώριμος

297 1454 535 1550 Μορυονὸηνῶν
565 1463 719 1552 γεωργῶν
744 1456 847 1541 dono,
874 1464 939 1528 sive
968 1465 1092 1528 Borous
1118 1464 1183 1528 sive
1211 1466 1293 1529 Bor-

295 1576 358 1640 bus
384 1573 453 1641 sive
479 1578 640 1642 Borimus.
657 1577 796 1653 τιμᾶται
826 1571 973 1668 θρηνῶδει
1010 1573 1101 1671 παρὰ
1128 1576 1292 1672 γεωργίαν
1305 1600 1339 1638 10

296 1684 435 1778 ᾄσματι.
484 1694 544 1758 ΙΙΙο
568 1703 676 1758 autem
702 1695 860 1760 cantilena
881 1695 950 1781 ejus
972 1697 1102 1762 nomine
1124 1697 1210 1762 dicto
1231 1707 1291 1779 ent,

296 1808 384 1892 quod
412 1831 487 1872 eum
521 1831 607 1894 saepe
641 1809 830 1874 nominaret.
889 1802 1022 1897 ᾄδοντες
1056 1807 1293 1878 ἀνακαλοῦνταί

295 1951 370 1990 τινα
386 1925 451 1991 τῶν
468 1921 612 2016 ἀρχαίων
634 1922 938 2016 προσαγορεύοντες
965 1921 1110 2018 Βῶρκον,
1127 1938 1165 1993 ut
1188 1930 1293 2015 Nym-

296 2043 370 2127 phis
388 2043 428 2106 L.
443 2063 470 2106 1.
497 2043 537 2106 de
556 2042 718 2107 Heraclea.

247 2153 372 2249 Βῶρος.
392 2160 430 2224 ΙΙ.
449 2186 474 2226 e.
488 2181 542 2242 44.
1307 2175 1339 2238 15

247 2270 320 2346 Boe
339 2325 346 2341 .
366 2325 374 2340 .
397 2324 404 2341 .
423 2271 475 2340 καὶ
494 2268 595 2366 ἰχθὺς.
613 2284 646 2339 at
670 2275 768 2361 piscis
785 2298 850 2340 non
868 2273 935 2357 Bor
952 2276 1009 2341 sed
1031 2269 1115 2364 βώξ.
1132 2298 1163 2340 v.
1182 2270 1291 2339 Βῶκο.

299 2389 371 2483 [ΑΙ.
390 2416 440 2457 ex.
458 2392 547 2456 addit
566 2393 676 2478 Etym.
694 2393 820 2477 Philop.
838 2392 878 2456 de
898 2392 1066 2457 creatione
1087 2394 1147 2458 188
1166 2385 1230 2480 m.]

247 2502 414 2574 Βῶσαντι.
433 2509 472 2573 Il.
489 2502 535 2584 μ’.
547 2525 622 2595 337.
651 2507 771 2573 Herod.
785 2529 838 2596 39,
857 2511 888 2572 6.

248 2624 267 2663 *
282 2619 443 2701 Βώσομοι
461 2625 627 2711 Aristoph.
644 2626 720 2708 478.

248 2735 445 2818 Βωσόμεθο.
463 2737 726 2832 μαρτνρούμεθα,
742 2735 957 2818 ἐπικολεσόμ.

248 2851 419 2948 Βωστρεΐν
437 2881 498 2922 vox
517 2857 635 2922 Dorica
653 2857 727 2922 Cor.
745 2878 863 2944 33,12.

250 2967 411 3064 Βῶτορες.
440 2969 592 3065 βοτῆρες.

578 3091 632 3174 [Ιο
652 3090 716 3153 fine
733 3089 831 3175 hujus
846 3083 973 3173 litem]

249 3201 381 3293 Bsaepe
399 3229 458 3293 pro
475 3233 512 3286 π,
529 3201 767 3296 βατάνια-φ,
784 3197 992 3287 βοσκὰς-κ,
1006 3201 1292 3297 βορβορνγῆ-μ,

295 3317 440 3415 βόρμοξ,
458 3319 634 3413 βῦρμηκος,
657 3318 805 3412 βυρσίνη,
823 3318 987 3404 Beier-ara.
1306 3338 1340 3394 25

249 3549 392 3622 Γάοθον.
420 3558 457 3621 F.
475 3564 624 3642 corrupte
651 3578 710 3642 pro
736 3553 881 3642 γᾶσσον,
899 3547 1007 3618 ἆσσον
1033 3577 1076 3619 so.
1094 3574 1169 3618 cum
1193 3576 1294 3640 γρνο

298 3673 424 3737 AEolico
441 3674 593 3758 digamm.
612 3673 691 3758 Leg.
709 3671 808 3756 igitur
825 3660 994 3734 Γάοοσον.

249 3783 277 3852 Γ
279 3780 409 3870 οἷβαθον
429 3791 553 3854 Meurs.
573 3789 681 3853 Glosr.

250 3898 394 3988 Γάβοτο
412 3915 449 3970 ut
466 3907 584 3970 ibidem
602 3913 701 3990 patet.

249 4021 268 4060 ²*
283 4015 469 4113 Γαβεργὸς,
487 4014 638 4113 ἐργάτης,
655 4047 691 4098 μ·
709 4042 768 4105 pro
786 4012 944 4105 Γοεργός.
1303 4018 1343 4072 30

250 4131 449 4225 Γογγαλιᾶν
474 4140 496 4202 f.
526 4146 676 4223 corrupte
704 4156 762 4220 pro
791 4127 898 4223 Γοργ.
925 4132 990 4196 imo
1019 4133 1124 4218 Etym.
1151 4135 1295 4218 agnoscit

299 4246 481 4346 γαγγαλίζ
506 4301 513 4316 .

250 4363 278 4430 Γ
279 4361 449 4455 ογγαμεὺς
468 4369 575 4454 Etym.
