3140 5054
411 770 689 869 ιῙΟΑΝΝΙΒ
725 771 1056 870 PEARSONI

294 995 699 1116 nu'vunsrrur
736 1029 1168 1115 unsuoumru.

584 1282 866 1324 -Φ-μ-

211 1423 538 1541 ’Anrnuuou
555 1474 758 1570 ἐπιφώνημα.
793 1480 833 1544 1..
849 1472 1034 1562 Ἀριιηιο
1050 1475 1255 1572 ἐπιφόρημα,

259 1600 297 1655 ut
313 1593 435 1658 habent
450 1595 572 1660 Zenob.
586 1595 724 1680 Diogen.
740 1596 786 1659 Su
793 1591 870 1682 [id].
888 1597 1004 1681 Apost.
1018 1596 1115 1660 etiam
1131 1595 1252 1658 Athen.

260 1715 293 1771 et
316 1708 430 1794 Steph.
477 1711 523 1774 Et
551 1719 675 1775 certum
705 1719 754 1774 est
784 1709 829 1775 ita
858 1712 1032 1798 legendum
1062 1733 1102 1775 ex
1131 1709 1252 1796 duplici
1316 1743 1317 1746 ¹

259 1824 518 1910 interpretatione
543 1836 699 1906 veterum,
725 1849 863 1912 quorum
889 1828 1032 1912 plerique
1060 1821 1253 1918 ἐπιφόρημα

260 1962 298 2004 eo
325 1941 507 2026 significatu
534 1951 738 2028 acceperunt,
763 1965 828 2027 quo
853 1945 1010 2008 secundas
1038 1966 1166 2008 mensas
1196 1954 1280 2012 aeus

259 2056 389 2120 bellaria
421 2059 563 2122 denotat.
625 2059 805 2123 Athenaeus
838 2069 946 2124 autem
983 2061 1028 2146 [p.
1049 2056 1112 2143 641
1133 2055 1178 2144 A]
1213 2083 1253 2125 ex

259 2174 399 2238 Aristide
418 2175 697 2260 Paroemiographo
714 2176 808 2240 docet
824 2171 1016 2266 ἐπιφόρημα
1038 2176 1073 2240 in
1095 2177 1157 2241 hoo
1179 2199 1251 2262 pro-

258 2289 366 2353 verbio
389 2289 475 2353 aliud
498 2291 629 2355 omnino
652 2313 774 2367 sonare,
797 2313 914 2376 nempe
935 2295 1079 2375 vestiant,
1101 2314 1158 2356 seu
1173 2315 1254 2374 por·

261 2408 386 2483 tortum,
403 2413 441 2470 ut
463 2405 505 2470 sit
529 2407 650 2491 aliquid
671 2407 721 2491 τῷ
743 2401 839 2498 φόρῳ
864 2407 1021 2485 additum,
1039 2415 1072 2470 et
1094 2407 1179 2470 ultra
1196 2407 1253 2492 jus

259 2529 418 2586 exactum.
1266 2541 1301 2581 ιο

208 2630 425 2724 Ἀγαθώνιον,
439 2633 575 2715 αὔλησιν
586 2633 645 2715 τὴν
657 2638 816 2716 μαλακήν.
834 2640 875 2703 L.
885 2631 1093 2725 Ἀγαθῶνιον
1107 2635 1253 2719 αὔλησιν,

258 2749 319 2831 τὴν
335 2753 493 2832 μαλακήν.
520 2755 657 2820 Locutio
674 2755 891 2840 proverbialis.
909 2755 989 2856 Len.
1008 2755 1104 2839 Diog.
1124 2755 1169 2818 Su
1176 2752 1253 2843 [id].

208 2863 455 2958 Ἀγαμεμνόνια
483 2867 627 2962 φρέατα.
672 2872 880 2936 Proverbium
907 2871 1001 2957 cujus
1026 2880 1253 2957 argumentum

259 2987 358 3052 deest.
409 2989 604 3053 Addendum
627 3011 666 3053 ex
687 2988 841 3066 Zenobio,
864 2983 917 3052 ἐπὶ
939 2987 1005 3052 τῶν
1025 2979 1179 3073 μεγάλων
1201 2984 1254 3080 ἔρ-

204 3123 208 3131 ’
261 3127 337 3189 γων.
389 3105 476 3169 Nam
492 3105 653 3191 Apostolii
675 3100 727 3169 ἐπὶ
750 3105 816 3170 πῶν
833 3099 1016 3194 ἐλευθερίων
1032 3103 1159 3168 videtur
1181 3128 1251 3169 esse
1266 3129 1277 3167 r
1283 3125 1299 3186 5

260 3229 458 3306 corruptum.

205 3328 437 3422 Ἀγέλασπος,
455 3331 574 3427 πέτρα.
612 3337 651 3400 L.
673 3327 890 3421 Ἀγέλασπος
912 3330 1031 3427 πέτρα.
1083 3337 1145 3400 Est
1167 3337 1253 3400 enim

260 3453 464 3537 proverbium
481 3440 580 3538 cujus
591 3460 818 3537 argumentum
836 3453 935 3516 deest.
988 3453 1039 3514 Ex
1054 3453 1198 3516 Zenobio
1221 3461 1254 3516 et

262 3569 402 3654 Diogen.
421 3569 639 3654 supplendum
656 3562 710 3631 ἐπὶ
728 3567 792 3632 τῶν
808 3562 910 3642 λύπης
932 3559 1104 3656 προξένων.

211 3677 365 3774 Ἀγρίου.
392 3681 572 3775 βόβρωκας.
603 3685 642 3750 L.
661 3677 804 3774 Ἀγρίου
820 3678 1000 3773 βέβρωκας.
1019 3683 1106 3766 apud
1124 3683 1204 3748 Zen.
1223 3690 1255 3746 et
1267 3701 1304 3741 20

266 3803 359 3865 Prov.
377 3809 409 3865 et
425 3801 604 3887 explicatio

210 3908 429 4006 Ἀγροπηγῆ.
457 3917 497 3981 L.
515 3909 646 4004 Ἀγροῦ
663 3913 765 4001 πηγή,
782 3922 820 3977 ut
835 3914 999 3977 literarum
1017 3915 1113 3978 series
1131 3915 1254 3990 suadet,

264 4040 298 4095 et
315 4031 470 4095 Vaticana
486 4032 573 4117 App.
591 4031 642 4094 vel
663 4031 772 4117 potius
794 4025 902 4120 ἀγροῦ
922 4024 1021 4114 πογῆ,
1038 4039 1076 4093 ut
1093 4031 1187 4094 Eust.
1210 4031 1253 4094 le·

261 4149 403 4233 gendum
427 4149 521 4211 docet
548 4145 602 4234 [11.
621 4141 683 4229 β’.]
706 4165 784 4233 310,
799 4168 829 4232 3.
849 4140 989 4230 (=234,
1004 4143 1071 4231 26.)
1124 4146 1196 4209 1m0
1222 4154 1255 4210 et

258 4265 334 4330 Vat.
352 4288 427 4350 app.
446 4287 516 4328 eam
533 4264 703 4328 lectionem
720 4262 840 4348 optime
857 4262 988 4346 patitur.
1029 4254 1126 4345 (Mox
1143 4261 1181 4349 l.)
1200 4284 1280 4326 arr-n
1284 4284 1300 4340 5

257 4370 369 4441 όπατα
390 4371 573 4466 μέρη-καὶ
596 4369 640 4442 τὰ
663 4371 812 4441 πιότατα
834 4376 896 4440 ποῦ
913 4371 931 4440 ό
946 4424 954 4438 .
971 4423 979 4438 .
997 4369 1049 4438 καὶ
1068 4365 1252 4466 ζάπλουτοι
1308 4406 1316 4421 ·

256 4487 366 4582 ἀγροῦ
382 4486 496 4578 παγαί.
774 4515 795 4556 Β
