3140 5054
542 343 929 407 HESYCHIANA.
1221 346 1259 408 11

213 502 392 594 Ἀγασσᾶ.

215 615 414 708 Ἀγάσησθε
432 624 471 686 ΙΙ.
489 615 532 710 ξ’.
554 645 624 688 111.

216 732 378 823 Ἀγαστὰ
401 738 448 826 [ἱο
466 741 506 803 al.
525 762 574 804 ex.
593 741 672 804 Eur.
692 736 738 824 6.]

218 847 238 886 *
253 846 505 945 Ἀγάστροφον
523 850 561 917 οὕ
578 855 618 919 Il.
637 848 679 918 λ’.
698 856 773 940 338.

216 962 445 1054 Ἀγατᾶσθιιι.
473 969 633 1054 Corrupto
657 993 716 1055 pro
738 963 942 1036 Ἀοτᾶσθαι.
971 995 995 1057 γ
1023 994 1082 1056 pro
1105 973 1287 1070 digamm.5

265 1085 402 1149 AEotico.

212 1192 408 1286 Ἀγοίπημαι
427 1210 576 1287 corrupte
593 1224 653 1287 pro
670 1194 849 1279 ’Ado-quar.

214 1307 437 1406 Ἀγανρίαμα.
463 1340 494 1380 v.
513 1312 693 1408 Γανρίαμα.
720 1319 787 1382 Jer.
806 1339 858 1404 31.
878 1319 943 1382 sive
960 1320 1013 1399 48,
1031 1339 1060 1381 1.

215 1423 391 1521 Ἀγανρός.
415 1427 446 1496 ἆ.
464 1423 611 1518 κομψὸς,
629 1459 658 1496 κ.

215 1539 410 1638 Ἀγαρρειίει
428 1570 487 1632 pro
505 1541 718 1638 Ἀγγαρεῦει.
1274 1587 1309 1624 10

213 1656 400 1753 Ἀγαρρεία
419 1671 568 1747 corrupte
586 1686 644 1748 pro
662 1655 865 1754 Ἀγγᾶρειο.

215 1773 454 1869 Ἀγαρρειίεται
477 1789 626 1864 corrupte
639 1802 698 1864 pro
716 1775 961 1870 Ἀγγαρειίεται
973 1828 980 1843 .
994 1829 1002 1844 .
1016 1827 1023 1842 .
1035 1731 1259 1871 ἆγγαρενπῶν.

206 1886 394 1981 Ἀγγαπος
411 1918 441 1958 ν.
461 1896 554 1958 Eust.

214 2003 401 2096 Ἀγγελίας
419 2011 483 2076 Od.
502 2005 550 2092 β’.
570 2032 621 2094 92.

207 2119 332 2212 ’Άγειν
346 2173 353 2188 .
367 2175 375 2190 .
390 2122 515 2190 πείνειν.
541 2123 589 2190 ἰ’σ.
608 2131 726 2190 πονεῖν.
749 2127 814 2191 imo
831 2121 931 2191 πίνειν
949 2129 1044 2191 Eust.
1066 2149 1159 2214 1399,
1174 2131 1227 2192 61.
1274 2143 1309 2208 15
1382 2161 1386 2180 ι

212 2233 384 2328 Ἀγγελίη
395 2265 454 2327 pro
465 2235 663 2329 Ἀγγελικῆ.
674 2265 704 2304 ν.
716 2243 840 2306 Meurs.
851 2237 953 2308 Orch.
965 2234 1129 2335 πάροινος.
1141 2237 1260 2308 Athen.

265 2359 346 2440 l.14.
365 2352 416 2422 καί
433 2354 493 2434 τὴν
511 2353 691 2444 ἀγγελικὴν
709 2351 743 2422 δὲ
768 2349 924 2449 πάροινον
941 2354 1093 2448 ἠκρίβουν
1111 2355 1259 2448 ὄρχησιν.

215 2468 521 2559 *Ἀγγελλόντων,
539 2467 803 2559 ἆγγελλέπωσαν
828 2467 880 2536 καί
905 2473 1055 2537 videntur
1077 2497 1116 2538 ex
1141 2476 1261 2538 recenti

266 2589 371 2672 aliquo
389 2589 557 2652 scholiaste
575 2588 744 2673 descripta.

216 2696 484 2793 Ἀγγεριίκομον.
504 2704 609 2770 Quid?
628 2727 658 2768 v.
673 2695 908 2794 Ἀγγοροίραξ·
922 2699 970 2770 ίσ.
982 2699 1258 2798 Ἀγγοροίκωμον.
1270 2727 1307 2766 20

215 2814 422 2906 Ἀγγλιθεὺι·
440 2816 481 2884 [ι.
492 2812 661 2905 'Aprusc
679 2821 725 2885 Su
732 2818 803 2907 [id.]
827 2822 937 2906 Etym.
956 2822 1092 2886 Nicand.

216 2929 444 3022 Ἀγγοπῆνος.
473 2935 519 2998 Su
526 2931 597 3020 [ἰὰ]
617 2928 835 3021 Ἀγγοπήνιο
853 2944 886 2999 et
902 2930 1120 3022 Ἀγκοπῆνια.

216 3044 451 3143 Ἀγγοραροίξ.
495 3051 517 3116 f.
535 3046 718 3140 Ἂγγορα,
744 3041 819 3142 ῥὰξ.
871 3053 936 3116 Sed
956 3077 986 3118 v.
1002 3037 1261 3145 Ἀγερρακιίβος

271 3166 318 3255 [et
332 3159 586 3259 Ἀγερρᾶκομον
604 3168 644 3231 al.
662 3163 727 3252 ex.]
964 3245 970 3252 Ι

217 3277 399 3370 Ἀγγοπῆς
416 3284 518 3369 quid?
1271 3301 1307 3365 25

215 3393 394 3488 Ἀγγρίας,
405 3395 561 3476 λύπαςΗ.
569 3400 834 3487 Steph.v.Etym.
848 3393 1140 3494 ΟΙοοε.Ἀγγρι’ζω
1152 3405 1257 3484 irrito.

208 3509 402 3602 Ἄγδιστις.
429 3517 524 3580 VOSS.
546 3517 596 3580 Id.
614 3517 635 3580 l.
658 3537 685 3580 Ι.
711 3539 744 3601 p.
767 3531 837 3602 152.
962 3561 965 3568 ·

215 3625 377 3719 Ἀγέεσσι
398 3629 446 3723 [v.
458 3626 572 3719 ’Άγεα
590 3635 630 3699 al.
648 3629 713 3718 ex.]

212 3740 420 3832 Ἀγεννὴτων
438 3749 538 3832 Soph.
555 3747 703 3812 Trachin.
722 3764 797 3834 325.

212 3854 359 3948 Ἀγινεῐν
367 3863 494 3927 videtur
506 3863 682 3948 respexisse
694 3864 774 3927 illud
786 3863 886 3942 Arati,
895 3858 947 3928 ἵνα
962 3859 1026 3955 χρὴ
1041 3867 1113 3941 νῆας·
1126 3858 1257 3950 ἆγινεῖν.
1268 3885 1309 3943 30

216 3972 429 4066 Ἀγόπτεται
448 3989 596 4066 corrupte
613 4004 672 4066 pro
689 3973 743 4067 ὅγ’
764 3976 915 4047 ὄπτεται.
942 4005 972 4047 ν.
990 3975 1207 4073 Ἀγερόπτει.

215 4087 369 4181 Ἀγίνεον
387 4097 426 4160 Il.
445 4089 489 4160 ω’.
509 4098 584 4179 784.

216 4201 373 4300 Ἀγείρας
392 4213 430 4276 ΙΙ.
448 4205 495 4292 β’.
514 4215 588 4294 664.

216 4316 414 4416 Ἀγείρομεν
433 4329 471 4392 ΙΙ.
491 4321 531 4392 α’.
555 4349 628 4409 142.

709 4465 728 4508 C
750 4465 767 4510 2
