3140 5054
531 379 929 444 HESYCHIANA.
1210 381 1251 442 13

205 540 410 633 Ἀγηλατεῖν
428 547 550 611 Herod.
572 563 643 633 197.
661 569 691 610 v.
711 548 757 612 Su
764 544 841 635 [id].

205 653 466 747 *'Ayr1>x6mvat
484 682 544 746 pro
561 654 814 748 Ἀγαλλόμεναι
832 685 863 726 v.

206 769 346 862 Ἀγηλῶ
362 799 393 840 v.
412 777 468 840 Su.
487 784 520 840 et
536 777 647 862 Etym.

203 884 390 981 Ἀγηναρία
408 891 448 957 Il.
465 885 510 967 μ’.
528 894 581 974 46.

205 999 440 1095 Ἀγηνορῖησιν
459 1007 497 1070 Il.
516 999 546 1070 ι’.
565 1009 639 1092 696.

204 1114 436 1212 ἈγῆραονἹῙ.
454 1116 500 1204 β’.
517 1142 594 1206 447.

207 1228 363 1326 Ἀγὴρων
379 1244 542 1302 neutrum.

205 1343 360 1442 Ἀγῆρως
377 1351 441 1418 od.
460 1345 494 1417 ε’.
514 1355 587 1420 218.

208 1457 439 1556 Ἀγῆσανθρος
455 1475 493 1531 ut
516 1461 734 1555 Ἀγησίλαος.
752 1471 867 1534 AEsch.
885 1471 1004 1536 Athen.
1023 1492 1064 1557 99
1079 1471 1112 1535 b.
1138 1465 1254 1558 ἆγετῖ-

256 1582 318 1651 λας
336 1581 461 1646 callim.
481 1585 581 1670 Hym.
599 1601 718 1672 5‚130.
1264 1622 1301 1660 ιο

208 1691 437 1791 *Ἀγήστωρ
462 1694 509 1764 ἵσ.
528 1693 688 1794 Ἀγῆτωρ
705 1704 793 1788 apud
809 1703 890 1767 Eur.
914 1705 984 1766 161.

199 1806 356 1900 Ἀγηται
375 1815 415 1880 Il.
434 1806 485 1907 ζ’.
502 1834 577 1902 455.
599 1857 602 1862 ·

206 1921 367 2015 Ἀγητῆς.
392 1924 439 1995 fo.
458 1923 617 2018 Ἀγητὸς.
644 1933 700 1995 sed
717 1956 747 1996 v.
764 1925 926 2019 Ἀγητῆςι
952 1955 983 1999 v.
1003 1934 1127 1998 Meurs.

209 2037 414 2138 Ἀγητόρεια
431 2047 512 2112 forte
529 2056 567 2111 ut
584 2070 652 2132 p.p.

206 2155 392 2253 Ἀγήτωρ.
408 2210 416 2226 .
432 2211 440 2226 .
454 2162 516 2227 τοῦ
533 2161 617 2228 θεοῦ.
634 2164 795 2247 Apollinis
813 2165 898 2228 enim
916 2186 1005 2229 sacra
1020 2163 1108 2228 suere
1120 2163 1252 2228 Carnea.
1266 2175 1300 2240 15

260 2277 345 2341 Plut.
365 2278 477 2364 Symp.
497 2279 536 2342 L.
551 2281 581 2343 8.
601 2279 666 2346 Qu.
685 2301 712 2343 1.

209 2386 441 2483 Ἀγηοχότων.

210 2501 360 2600 Ἀγηχῶ,
378 2503 446 2601 ἦχῶ
464 2503 578 2597 α’γῖων.

210 2615 411 2711 *Ἀγιάδακ
437 2648 467 2691 v.
486 2648 526 2690 an
543 2627 608 2690 huc
625 2627 807 2712 pertineant
825 2629 918 2693 Pind.
939 2645 978 2712 27
980 2643 1012 2714 5.

208 2731 401 2833 Ἀγιᾶζειν.
416 2789 424 2806 .
438 2735 601 2831 καθαίρειν
627 2734 730 2833 ἄγρια
757 2744 932 2810 Riccardus
958 2746 1000 2808 ad
1026 2744 1175 2809 Proclum
1201 2767 1254 2809 ex·
1264 2766 1303 2804 20

258 2856 351 2942 ponit
368 2879 462 2940 αρκαα
471 2879 616 2941 ρωνρακε
632 2881 665 2944 p.
682 2875 755 2943 701.

208 2963 375 3064 Ἀγιάζει.
402 2973 480 3038 Lev.
502 2975 551 3050 16,
573 2994 623 3058 19.

210 3081 232 3125 *
245 3079 438 3174 Ἀγιθσατε
455 3088 564 3175 script.

210 3195 433 3290 *Ἀγιστεῦει
451 3205 531 3270 Eur.
548 3221 623 3293 523.
742 3175 763 3194 '¹

212 3311 434 3413 Ἀγκθζοντο,
453 3331 491 3387 ut
507 3332 591 3408 post,
611 3324 650 3387 Il.
667 3317 710 3414 ρ’.
730 3339 804 3408 722·
1265 3339 1301 3404 25

212 3429 400 3523 Ἀγκαλὲει.
426 3432 647 3517 ἀνακαλεῖται,
664 3448 702 3502 ut
719 3448 752 3503 et
768 3433 945 3526 Ἀγκαλεω
962 3448 995 3504 et
1012 3433 1203 3527 Ἀγκλῖνας.

210 3545 336 3640 Ἀγκὰς
355 3601 364 3619 .
383 3602 391 3617 .
409 3552 508 3639 priori
535 3555 766 3640 significatione
792 3579 921 3635 nomen,
946 3555 1114 3642 posteriori
1144 3557 1256 3620 adver·

198 3729 200 3734 ,
259 3667 361 3745 bium,
379 3660 483 3754 ἀγκὰς
508 3669 592 3734 idem
610 3671 698 3755 quod
715 3663 858 3757 ἄγκαθεν
874 3671 987 3735 AEsch.
1006 3671 1104 3736 Eum.
1124 3672 1153 3735 8.
1182 3661 1256 3759 ἷξον

237 3769 243 3780 ’
258 3774 402 3848 παλαιὸν
419 3775 561 3872 ἄγκαθεν
577 3779 693 3868 λαβῶν
709 3781 844 3878 βρέτας,
857 3785 915 3850 ubi
929 3788 1004 3852 Sch.
1015 3778 1169 3875 ἄγκαθεν,
1182 3793 1255 3860 ταῖς

259 3890 431 3986 ἀγκάλαις.
458 3901 498 3965 Il.
516 3895 550 3966 ε’.
571 3918 645 3988 371.
1263 3921 1303 3978 30

80 4039 83 4046 ¹
114 4103 117 4110 .
212 4007 310 4101 Ἀγκ.
336 4011 451 4080 ἕλκειν.
478 4010 578 4107 αἴρειν
595 4010 689 4105 ξύλα.
715 4041 748 4081 ν.
762 4018 856 4081 Eust.
879 4022 972 4099 1162,
985 4036 1038 4106 37·

205 4121 393 4217 Ἀγκαλον.
419 4124 676 4218 ἰ’σ.”Αγκλινον.
702 4154 733 4196 ν.
751 4124 943 4218 Ἀγκλῖνας.

205 4238 338 4333 Ἀγκεα
357 4245 396 4310 ΙΙ.
414 4240 458 4310 τ’.
476 4267 550 4333 321.

210 4354 472 4448 Ἀγκαλῖθεσσιν
490 4363 529 4428 ΙΙ.
547 4356 590 4428 τ’.
607 4379 684 4449 555.

207 4469 362 4563 Ἀγκιαν.
383 4471 429 4543 ἴα.
449 4471 681 4568 Ἀγκῖστριον,
698 4473 956 4571 ἆγκιστροθῆκη.
