3200 5058
310 369 375 435 156
644 367 1022 432 ADVERSARIA

312 531 496 602 Βασανείαν
519 533 596 623 [Pro
614 529 809 622 Βαθανίαν.]

312 648 477 719 Βασίλεια
494 653 616 740 Athen.
637 654 677 734 76
695 653 733 716 F.

312 766 491 841 Βασίλειος
512 760 612 835 στοά.
640 762 811 854 (ν.“Μοαε.
829 769 868 832 de
886 765 1077 854 Ceramico.)
1107 768 1177 831 Aut
1202 768 1271 831 haec
1288 790 1358 832 cor-

364 896 461 973 rupta
477 887 636 961 videntur,
654 894 710 950 aut
727 886 815 950 falsa.
869 885 910 949 Si·
921 893 1071 970 corrupta
1095 885 1170 964 sint,
1187 885 1232 948 ita
1249 907 1359 948 emen-

362 1006 493 1070 danda⁰
520 1005 693 1068 videntur:
720 995 749 1068 d.
779 1029 804 1066 ε.
831 1027 862 1067 α.
889 995 1001 1080 στοαί,
1019 994 1077 1078 ἥτε
1101 997 1273 1083 βασίλειος
1297 1001 1358 1066 τοῦ
1365 1022 1384 1087 5

361 1125 396 1188 λ.
440 1121 475 1185 Si
491 1121 615 1205 integra
637 1127 723 1195 sunt,
740 1141 860 1197 vereor,
882 1141 923 1182 ne
941 1140 1015 1181 vera
1043 1140 1109 1181 non
1135 1119 1209 1182 sint.
1262 1117 1357 1182 Certe

364 1239 520 1324 Harpocr.
556 1229 610 1301 δύο
644 1230 707 1301 εἶσί
744 1229 844 1300 στοαί
876 1231 953 1326 παρ’
989 1229 1149 1311 ἀλλήλας,
1178 1225 1197 1311 ii
1224 1234 1357 1300 τετοῦ

361 1348 571 1446 Ἐλευθερίου
588 1343 678 1430 Διὸς,
695 1346 747 1417 καί
765 1349 783 1428 ἡ
800 1346 982 1432 βασίλειος.
1006 1351 1051 1414 Et
1068 1351 1162 1415 Eust.
1177 1345 1357 1420 Βασίλειος

361 1469 424 1536 ε’κεῖ
448 1461 536 1536 στοὰ
566 1463 708 1544 πλησίον
737 1470 796 1544 τῆς
821 1467 883 1534 τοῦ
902 1461 1110 1558 Ἐλευθερίου
1136 1459 1216 1536 Διὸς
1241 1465 1355 1537 στοᾶς.

362 1587 582 1672 Distinguitur
615 1586 714 1670 igitur
743 1585 889 1649 Porticus
917 1584 1019 1669 Regia
1052 1605 1071 1646 a
1098 1583 1227 1648 Portica
1259 1584 1405 1648 Eleu-ro

361 1704 456 1768 therii
473 1703 574 1768 Jovis.
627 1703 672 1765 Et
690 1702 804 1765 Pollux
827 1701 883 1786 qui
906 1723 925 1787 9
942 1701 1130 1764 Archontas.
1135 1679 1356 1786 juramentum

363 1820 540 1905 suscepisse
574 1819 661 1904 apud
694 1819 854 1903 porticum
883 1818 1003 1903 regiam
1033 1817 1087 1896 ait,
1116 1817 1143 1881 si
1178 1818 1252 1881 duae
1282 1818 1356 1897 sint,

344 1923 523 2022 ‘quomodo
539 1931 582 2022 [t]
606 1984 614 2000 .
634 1982 642 1998 .
661 1983 669 1999 .
689 1981 697 1998 .
716 1935 893 2007 satisfecit?
913 1934 1098 2020 Hesychius
1110 1942 1218 1998 tamen
1229 1943 1357 1999 nonest

294 2121 306 2138 ‚
362 2053 578 2118 deserendus:
614 2052 723 2137 potius
758 2035 922 2116 Pollucem
957 2050 1049 2120 aliter
1081 2051 1272 2136 interpretor
1306 2051 1357 2116 vel

300 2235 301 2240 ,
361 2170 514 2236 emaculo.
541 2169 650 2234 Verba
666 2178 762 2233 sunt:
798 2162 920 2246 ὤμνυον
935 2160 968 2232 δὲ
985 2163 1076 2232 οὗτοι
1098 2146 1182 2259 ripole
1198 2168 1240 2256 τῇ
1256 2163 1356 2249 βασι·
1370 2182 1403 2246 15

360 2283 436 2372 λείῳ
454 2287 554 2372 στοᾷ,
572 2279 593 2363 ἦ
608 2283 681 2352 ε’στι
699 2287 760 2352 τοῦ
776 2281 880 2352 λίθου.
934 2285 1113 2349 Posteriora
1129 2285 1225 2349 verba
1251 2261 1357 2370 priora

362 2405 430 2473 sine
460 2405 559 2469 dubio
588 2404 796 2489 restringunt.
846 2403 881 2467 Si
907 2403 1006 2488 igitur
1030 2403 1075 2466 ita
1099 2402 1355 2488 interpretemur,

319 2573 323 2580 .
361 2513 380 2599 ἥ
396 2516 470 2587 ε’στι
488 2522 549 2587 τοῦ
564 2516 670 2598 λίθου,
690 2541 757 2602 qaoe
775 2521 899 2602 lapideo
912 2527 968 2596 est,
982 2520 1158 2583 ostendunt
1167 2493 1267 2582 fuisse
1279 2519 1357 2582 Por·

324 2697 326 2702 ,
361 2635 461 2700 ticum
490 2635 586 2699 etiam
614 2627 759 2718 Regiam,
786 2655 859 2716 quae
892 2633 1017 2718 lapidea
1048 2656 1114 2696 non
1136 2642 1231 2710 esset,
1260 2639 1356 2715 atque

362 2751 440 2814 adeo
457 2751 537 2814 duas
554 2751 662 2825 fnisse,
681 2749 854 2833 quodvult
872 2750 1016 2835 Hesych.
1050 2748 1115 2813 Sed
1131 2749 1228 2813 talem
1244 2749 1356 2813 verbo·
1366 2773 1406 2812 20

361 2889 434 2930 rum
444 2889 555 2930 eorum
566 2887 697 2930 sensum
710 2865 763 2929 vix
773 2864 908 2949 probare
920 2888 1064 2950 possum,
1075 2873 1108 2929 et
1124 2874 1274 2952 corrupta
1286 2887 1356 2930 esse

320 3043 323 3048 .
361 2983 474 3058 sentio,
492 2989 525 3047 et
549 3003 608 3068 pro
633 2975 727 3046 λίθου
748 2981 810 3066 leg.
833 2989 914 3066 puto
936 2973 1156 3073 Ἐλευθερίου,
1179 2989 1211 3066 et
1237 2981 1282 3045 sic
1307 2981 1357 3046 in·

346 3182 358 3212 e
372 3173 405 3226 In
417 3173 527 3227 adversa
538 3173 712 3227 columna-nic
726 3172 892 3226 Pearsonus:
910 3173 1019 3228 “Aliter
1031 3173 1139 3252 quidem
1151 3174 1253 3229 Meurs.
1267 3192 1356 3228 emen-

312 3257 365 3322 dat,
379 3259 424 3312 sed
437 3260 516 3313 nimis
529 3269 626 3314 coacte.
664 3261 740 3314 Duas
758 3259 872 3314 rationes
889 3259 965 3313 affert
983 3279 1096 3332 quarum
1108 3270 1202 3315 neutra
1214 3262 1355 3316 satisfacit:

275 3407 278 3424 ι
313 3359 336 3397 1.
357 3343 438 3402 Quod
450 3343 556 3415 Jupiter
575 3363 631 3399 non
652 3346 782 3400 coleretur
800 3344 834 3398 ab
852 3344 1061 3400 Atheniensibus
1081 3355 1258 3416 cognomento
1277 3355 1356 3401 Βασι-

310 3431 379 3494 λεὺς,
399 3439 492 3485 contra
510 3431 594 3485 schol.
607 3431 744 3502 Aristoph.
764 3431 792 3484 in
813 3431 888 3485 initio
907 3431 1038 3490 Nubium.
1064 3423 1089 3486 2.
1104 3431 1185 3491 Quod
1201 3432 1234 3486 ab
1253 3450 1284 3486 eo
1301 3450 1357 3486 non

311 3526 351 3570 est
372 3519 560 3588 cognominata
576 3517 704 3588 porticus.
742 3517 821 3588 Resp.
840 3518 905 3572 alios
923 3517 951 3571 id
969 3518 1077 3590 quidem
1095 3518 1204 3573 docere:
1229 3519 1276 3574 sed
1294 3519 1356 3573 hinc

311 3622 366 3657 non
386 3606 505 3676 sequitur
526 3605 590 3659 alios
612 3605 686 3658 aliter
707 3606 821 3658 sensisse
842 3623 910 3676 quos
934 3606 1072 3676 exscripsit
1092 3606 1307 3677 Hesy.—Plato
1331 3617 1357 3660 et

313 3687 450 3758 Eunapius
462 3689 507 3756 τὴν
519 3693 565 3742 τοῦ
576 3689 899 3761 Baccheos-Utcunque
916 3690 1015 3745 fallitur
1026 3691 1165 3762 insigniter
1177 3692 1217 3745 M.
1237 3710 1299 3746 cum
1311 3693 1356 3756 ait,

311 3767 450 3842 utriusque
463 3774 543 3827 simul
560 3775 681 3828 meminit
694 3775 835 3836 Demosth.
848 3795 871 3830 c.
886 3777 1004 3847 Aristog.
1019 3776 1067 3830 Or.
1080 3794 1102 3831 1.
1140 3775 1193 3830 Δύο
1210 3777 1262 3832 εἶσὶ
1281 3779 1357 3832 στοαὶ

310 3857 369 3928 παρ’
389 3857 515 3926 ἀλλήλας·
534 3859 551 3928 ἧ
567 3883 594 3914 τε
613 3865 660 3914 τοῦ
677 3860 842 3934 Ἐλευθερίου
861 3865 930 3928 Διὸς,
951 3864 992 3917 καὶ
1013 3863 1028 3931 ἦ
1046 3864 1191 3929 βασίλειος.
1228 3865 1268 3918 Ea
1285 3866 1358 3920 enim

310 3943 391 3999 rerba
408 3943 481 4021 apud
493 3945 701 4000 Demosthenem
714 3965 769 4002 non
781 3958 854 4013 sunt,
868 3950 915 4005 sed
931 3959 995 4007 sunt
1007 3951 1116 4006 omnino
1130 3951 1356 4023 Harpocrationis,

310 4049 391 4102 quem
403 4049 458 4086 non
470 4031 606 4096 intellexit,
619 4033 691 4102 apud
707 4052 787 4105 quem
799 4035 837 4090 sic
849 4036 944 4092 habet:
959 4038 1096 4095 Βασίλειος
1108 4041 1183 4104 στοὰ,
1191 4040 1357 4110 Δημοσθένης

310 4111 384 4191 ἐντῷ
397 4115 448 4172 κατ’
460 4117 682 4190 Ἀριστογείτονος
690 4119 722 4174 o'.
748 4120 853 4176 Deinde
865 4133 1013 4196 sequuntur
1025 4125 1105 4180 verba
1117 4145 1177 4198 quae
1187 4127 1356 4197 protulimus.

309 4206 347 4259 At
360 4205 555 4276 Harpocration
567 4207 651 4262 voluit
663 4225 719 4262 non
731 4209 884 4278 posteriora,
897 4211 944 4264 sed
956 4211 1043 4281 priora
1049 4212 1130 4267 verba
1141 4231 1199 4268 esse
1206 4215 1286 4268 Dem.
1296 4219 1356 4285 quae

309 4291 474 4353 occasionem
496 4292 590 4350 dedere
609 4293 814 4365 Lexicographis
833 4297 889 4366 ejus
908 4315 968 4368 quae
986 4299 1106 4370 sequitur
1123 4300 1355 4371 interpretationis.

309 4365 398 4434 Ver'ba
415 4387 504 4434 autem
517 4381 706 4440 Demosthenis
718 4383 800 4463 sunt'’
827 4381 904 4454 [Non
916 4386 993 4461 plura
1005 4385 1049 4462 P.]
1146 4455 1149 4460 Ι
