3148 5064
528 381 929 445 HESYCHIANA.
1191 381 1257 447 377

210 539 324 624 Θωμὸς
340 548 453 612 AEsch.
472 549 541 614 186.

209 659 337 728 Θῶιται
357 712 364 727 .
385 709 392 727 .
410 659 511 740 εὖθην.
530 663 628 730 sulm.
647 660 760 730 εὖθοιν.

208 774 229 815 *
240 776 353 851 Θῶπες
370 779 452 845 Naz.
471 779 578 844 Carm.
595 802 623 860 1,
642 795 693 864 27.

208 888 228 929 *
242 888 374 960 Θῶπτει
392 896 505 960 AEsch.
525 911 578 981 55.

190 1067 191 1072 ,
207 999 329 1098 Θώραξ
346 1054 354 1071 .
374 1056 382 1075 .
400 1009 536 1101 σφραγ.
555 1010 653 1076 Salm.
672 1010 754 1076 forte
770 1002 1004 1102 καρδιοφῦλαξ
1263 1032 1279 1088 5

207 1116 356 1212 Θώρηκος
378 1117 503 1210 γύαλον
521 1125 559 1188 Il.
578 1115 612 1190 ε’.
631 1147 684 1211 99.
705 1173 713 1190 .
732 1174 740 1190 .
758 1117 940 1191 τὸκοῖλον.
966 1148 998 1190 v.
1017 1118 1155 1189 Γύαλον·
1173 1113 1222 1215 ειζ
1239 1161 1254 1173 -

254 1236 351 1302 rafim
369 1230 402 1302 δὲ
419 1237 485 1309 πῶς
503 1287 511 1302 .
531 1286 539 1302 .
556 1231 729 1305 τὸκοῖλον
748 1288 755 1304 .
775 1289 782 1305 .
799 1231 859 1305 τὸν
875 1237 903 1329 ῥ’
923 1235 979 1332 ἐφ.
999 1240 1040 1306 ΙΙ.
1059 1233 1098 1305 o'.
1116 1255 1192 1327 530.

206 1348 412 1443 Θωρηκτοῖσι
433 1353 473 1418 ΙΙ.
491 1348 542 1446 φ’.
560 1375 635 1440 429.

206 1458 350 1558 Θώρηξις
368 1468 526 1555 Hippocr.

206 1581 445 1673 Θωρῆσσεσθαι
464 1580 557 1652 11.νῖ
574 1607 649 1673 301.

206 1697 419 1790 Θωρηχθῆναι
438 1701 477 1766 11.
495 1695 537 1767 α’.
556 1706 629 1771 226.

205 1813 379 1881 Θωνᾶσθαι
396 1838 456 1902 pro
473 1816 668 1884 Θοινᾶσθαι.

204 1927 350 2010 Θῶσθαι,
375 1926 537 2018 γεύεσθαι,
556 1929 741 2010 θοινᾶσθαι,
765 1925 807 1995 εὖ.
856 1927 924 2016 [ΑΙ.
946 1951 995 1995 ex.
1021 1930 1094 1996 add.
1121 1928 1251 1996 111θώ-

254 2041 380 2109 σασθαι
398 2052 431 2108 et
448 2038 616 2131 θωθῆναι.]

205 2147 354 2250 Θωτᾶζει
372 2159 464 2243 quasi
481 2151 645 2251 Θωπᾶζει,
662 2149 781 2246 12θῶ6
800 2153 910 2250 θηρίον
927 2153 1112 2235 ἇπατηλόν.
1138 2161 1250 2247 Etym.
1263 2181 1297 2246 15

205 2269 328 2349 Θῶται,
346 2268 533 2356 εὖθηιεῖται,
552 2273 713 2341 θοινᾶται.

204 2379 384 2453 ocream.
396 2414 517 2469 .ωσιιν,
529 2382 685 2480 θηριωδῶς
696 2385 747 2479 ὁρ.
769 2385 836 2475 [Al.
842 2410 891 2452 ex.
897 2388 979 2452 Eur.
984 2403 1060 2474 547.
1076 2383 1250 2476 Lyc.165.]

204 2498 360 2592 Θωχθεῖς,
371 2498 413 2570 Σ.
428 2499 629 2590 Διονυσιακῷ
642 2527 708 2570 non
717 2503 845 2570 videtur
854 2511 979 2568 rectum
994 2525 1112 2568 nomen
1122 2503 1250 2568 fabulae.

204 2609 348 2705 Θώψεις,
367 2614 508 2711 Σισύφῳ
525 2619 771 2709 πετροκυλιστῇ
788 2620 913 2684 Meurr.

205 2729 301 2798 Θῶων
319 2735 358 2800 ll.
376 2728 413 2800 ν’.
432 2755 503 2821 103.
1260 2767 1298 2804 20

195 2938 374 3014 ''Ia...’r'c
400 2974 436 3028 μ.
467 2949 507 3014 Il.
530 2942 659 3036 32437.
695 2944 750 3030 μό.
774 2949 815 3013 ll.
840 2941 875 3014 ν’.
894 2964 969 3035 359.
996 2943 1049 3013 καὶ
1077 2942 1168 3024 αθτῆ.
1198 2942 1250 3012 καὶ

253 3057 344 3151 φωνὴ
362 3063 457 3129 Eust.
477 3081 549 3151 794,
567 3080 620 3150 54.
644 3055 677 3128 ἰὰ
696 3063 735 3128 ΙΙ.
752 3057 788 3128 ν’.
807 3064 859 3128 68.

204 3167 256 3240 ‘Ia
286 3187 328 3244 rr

203 3281 374 3372 Ἰάκωβος.
393 3291 468 3358 MS.
488 3295 570 3379 Reg.
588 3293 707 3378 Proph.
725 3286 837 3357 πόνου.
1261 3337 1296 3402 ²5

204 3397 329 3498 Ἰακὰρ.
355 3400 405 3472 ἰ’σ.
430 3399 555 3499 Ἰαβὰρ
584 3409 636 3473 vel
659 3398 767 3497 Ἰαὰρ,
792 3406 878 3471 idem
901 3406 989 3490 quod
1010 3399 1128 3496 Σιαῆρ,
1154 3413 1193 3470 ut
1216 3405 1250 3468 in

253 3520 386 3585 Tabulis
404 3521 539 3587 Persicis
557 3517 662 3614 Σιαῆρ
681 3523 797 3586 Sirius.

204 3628 300 3702 Ἰἇθει
319 3659 360 3701 an
377 3646 526 3723 corrupte
542 3661 602 3724 pro
620 3634 696 3702 ἰαύει
710 3639 724 3700 ?

197 3743 351 3821 Ἰοειδοῦι
364 3751 433 3816 06.
451 3744 484 3816 ε’.
502 3755 556 3837 5⁶·
579 3758 728 3836 corrupte
752 3747 918 3834 scriptum.
970 3745 1035 3812 Sed
1052 3766 1127 3810 eum
1143 3745 1250 3810 locum

252 3887 319 3930 non
335 3865 477 3952 respicit.
499 3867 560 3930 Vel
568 3860 627 3931 ''Ia
645 3858 754 3936 εἴδους.

198 3970 330 4072 Ἰάειρε.
357 4003 388 4046 v.
397 3973 527 4071 Ἀειρε.
554 3980 714 4065 Corrupte
732 4000 792 4065 pro
809 3999 846 4042 ea
862 3999 949 4042 voce.

204 4085 438 4186 ἸαζῆρΝιιω.
456 4116 509 4182 32.

1178 3927 1298 3983 ·³0

243 4251 258 4326 ι
279 4280 401 4335 Delendc
418 4298 475 4335 esse
494 4287 647 4354 Θωρηκτῇσι
667 4283 758 4354 τεθωρ.
778 4281 914 4336 censuisse
933 4280 1097 4334 Pearronum
1116 4279 1248 4333 existimo.

206 4366 260 4426 Qui
271 4366 300 4420 in
311 4365 431 4436 margine
442 4367 614 4436 postmodum
625 4368 766 4440 adscripsit
773 4375 845 4438 θωρ.
854 4365 924 4422 infra
932 4365 986 4436 (vel
997 4364 1026 4418 in
1038 4362 1115 4434 serie)
1127 4369 1225 4418 tmen.

702 4483 761 4549 30
