3200 5058
581 389 984 454 HESYCHIANA.
1244 385 1308 448 185

258 546 414 648 Βρένθιξ.
441 557 541 642 Lego,
560 550 701 648 βρένθις.
744 556 865 624 Athen.
884 556 905 622 l.
920 577 950 624 2.
967 579 1001 642 p.
1014 557 1055 641 69
1069 554 1102 620 b.
1123 547 1307 645 Νίκανδρος

307 665 342 737 δὲ
368 669 387 737 ὁ
419 667 640 764 Κολοφώνιος
666 667 698 736 ἐν
727 665 764 754 β’
791 671 955 758 γλωσσῶν
983 667 1116 763 βρένθιν
1144 665 1307 758 λέγεσθαί

307 788 393 879 φησι
422 781 514 880 παρὰ
542 783 705 879 Κυπρίοις
733 781 881 880 θρίδακα.
935 789 1016 853 Inde
1045 787 1159 854 habuit
1185 796 1304 854 noster.

308 905 418 992 Etym.
437 899 583 997 Κύπριοι
602 897 636 969 δὲ
652 900 863 994 βρενθισίτην
881 897 1016 996 θρίδακα
1033 899 1182 990 λέγουσι.
1234 917 1236 922 ’

258 1013 429 1112 Βρίνθιον.
455 1021 478 1086 f.
496 1015 635 1110 βρένθος
659 1014 711 1084 καί
738 1016 757 1084 ὁ
782 1014 900 1112 τιίφος.
952 1020 1047 1084 Certe
1066 1020 1158 1084 Euat.
1177 1021 1250 1105 695,
1262 1027 1332 1106 335

308 1130 479 1224 [575‚18.]
496 1129 539 1201 τὸ
563 1131 702 1228 βρένθος
726 1130 780 1200 ἐπί
808 1131 1028 1227 ὑπερηφανίας
1054 1127 1146 1225 παρὰ
1172 1135 1222 1220 τῷ
1247 1160 1305 1198 κιο-

307 1253 400 1337 μικῷ.
453 1252 519 1316 Sed
534 1275 566 1318 v.
584 1245 717 1344 Βρενός.

258 1364 278 1405 *
290 1360 510 1458 Βρινθιίεσθαι
528 1367 695 1453 Aristoph.
716 1387 788 1448 104.

219 1487 223 1493 “
258 1474 470 1576 Βριντιίγιορ
497 1506 557 1570 pro
574 1473 780 1576 Βρετιίγιορ,
798 1491 836 1546 ut
859 1483 901 1548 ait
922 1505 985 1548 vox
1010 1483 1169 1548 Laconica
1186 1506 1206 1547 a
1227 1477 1307 1574 βρί-

307 1624 369 1670 τας
386 1607 419 1664 et
434 1592 540 1687 ἅγιος.
573 1599 639 1684 [Al.
657 1621 707 1665 ex,
724 1622 756 1663 v.
776 1599 890 1685 Steph.
907 1599 942 1664 in
960 1595 1189 1691 Βρεντῆσιον.]
1317 1619 1354 1658 10

259 1710 426 1808 Βρέντιοι.
443 1711 492 1783 ic.
511 1711 683 1806 Βρέττιοι.
703 1717 816 1802 Steph.
856 1717 921 1782 Sed
937 1741 967 1784 v.
988 1717 1096 1802 Etym.
1120 1716 1181 1781 vel
1197 1718 1306 1802 potius

309 1827 519 1924 Βρεντήσιοι,
535 1842 569 1898 et
585 1841 656 1898 tum
672 1835 754 1898 forte
772 1835 860 1918 quod
885 1834 1031 1920 sequitur
1052 1833 1097 1898 ita
1120 1833 1305 1919 legendum,

309 1943 469 2040 Βρίντιον
487 1942 567 2041 γὰρ,
585 1947 622 2014 εί.
648 1973 679 2016 v.
699 1949 811 2036 steph.
830 1944 1044 2041 Βρεντῆσιον.

259 2059 414 2157 Βρενταί.
432 2066 573 2129 Bodaeus
596 2064 643 2149 [in
656 2065 868 2150 Theophrast.
886 2061 935 2150 p.]
958 2068 1033 2149 672.
1063 2065 1198 2150 “Vulgo
1208 2061 1306 2156 βρεν-

174 2204 178 2210 ·
307 2174 375 2257 ταὶ,
399 2181 455 2245 sed
476 2181 511 2244 in
528 2181 668 2265 antiquis
686 2181 850 2246 codicibus
866 2176 1041 2272 βρατταί.”
1069 2181 1211 2248 Quinam
1229 2189 1306 2246 sunt
1318 2192 1352 2259 15

307 2297 354 2360 illi
370 2297 493 2380 antiqui
509 2297 660 2360 codices?

258 2406 397 2504 Βρετία.
444 2413 483 2478 L.
502 2407 662 2502 Βραττία.
703 2414 813 2499 Etym.
837 2408 998 2503 Βρεττία,
1027 2409 1165 2487 μέλαινα
1195 2409 1304 2478 πίσσα

307 2522 359 2592 καί
378 2519 553 2621 βάρβαρος
570 2521 638 2593 ἀπὸ
655 2530 716 2594 τοῦ
733 2523 916 2619 Βρεπίωνος
937 2525 1070 2595 ἐθνικοῦ.
1123 2530 1305 2614 Utrobique

308 2653 389 2730 puto
406 2646 578 2731 legendum
596 2639 766 2736 Βρεττίων
783 2641 900 2717 ἔθνους.
953 2647 1030 2710 ldeo
1051 2645 1138 2710 enim
1155 2639 1305 2737 Βρεπτία

308 2765 433 2846 ciprum
455 2761 625 2848 significat,
643 2763 731 2846 quod
755 2762 861 2847 picem
886 2769 1062 2848 praestaret,
1079 2769 1119 2824 ut
1135 2761 1175 2825 ab
1193 2762 1352 2848 Etymao

309 2879 466 2958 innuitur,
492 2886 524 2942 et
549 2879 637 2962 apud
664 2878 855 2942 Strabonem
880 2878 1107 2942 describuntur
1132 2872 1305 2970 Βρέττιοι,

310 2990 364 3059 καί
387 2991 406 3058 ὁ
430 2986 547 3084 δρυμὸς
571 2988 591 3056 ὁ
615 2987 725 3083 φέρων
746 2988 806 3070 τὴν
828 2989 967 3085 οἰρίσπην
988 2989 1123 3072 πίτταν,
1142 2989 1178 3070 ἢν
1197 2987 1306 3085 Βρετ-

307 3106 383 3176 τίαν
398 3110 548 3174 καλοῦσι.
596 3108 779 3174 Dioscoridi
796 3103 949 3200 Βρυττία
967 3110 1084 3174 dicitur
1100 3119 1132 3174 et
1150 3111 1305 3176 Lucieno.

309 3226 435 3290 Latinis
451 3227 569 3290 Brutia
588 3233 627 3289 ut
645 3225 758 3302 Plinio,
777 3225 883 3307 Celso,
902 3225 1078 3291 Scribonio.
1104 3248 1135 3290 v.
1154 3227 1306 3290 Bochart.

308 3345 384 3430 659.
435 3342 482 3406 Et
502 3341 595 3428 nigra
616 3349 723 3406 autem
746 3341 863 3406 dicitur
879 3351 912 3406 et
927 3339 1063 3405 barbara
1081 3341 1183 3426 Hesy.
1201 3364 1241 3404 ex
1257 3341 1304 3404 in·
1315 3367 1351 3432 ²5

308 3458 537 3545 terpretatione
554 3480 666 3522 versus
682 3457 848 3544 Aristoph.
863 3458 918 3542 qui
935 3466 1022 3522 extat
1039 3457 1127 3542 apud
1145 3457 1259 3542 Steph.
1272 3458 1306 3520 iu

310 3568 474 3666 Βρέττος.
505 3567 659 3638 Μέλαινα
682 3566 764 3650 tavi,
782 3574 925 3660 ’γλῶσσα
944 3569 1094 3664 Βρεττία
1116 3576 1233 3664 παρῆν,
1250 3573 1308 3637 ubi

312 3689 444 3754 Comico
466 3688 578 3774 lingua
604 3687 659 3753 illa
686 3689 803 3754 dicitur
824 3685 962 3767 μελαινα
990 3689 1083 3753 solito
1111 3689 1175 3753 sale
1201 3684 1307 3774 picem

310 3805 457 3871 Brutiam
482 3804 675 3890 respicienti,
693 3805 827 3870 barbara
845 3814 952 3870 autem
970 3827 989 3869 a
1005 3827 1107 3891 gram.
1125 3805 1307 3892 exponitur,

308 3931 422 4010 utpote
445 3922 484 3986 de
506 3921 617 4006 lingua
635 3920 759 3985 Graecis
785 3921 973 4006 neutiquam
999 3923 1155 3988 familiari.
1207 3923 1306 3986 Recte
1314 3945 1354 4002 30

308 4039 408 4125 igitur
429 4037 626 4102 correximus
644 4030 805 4128 Βρεττία,
824 4045 857 4102 et
879 4038 949 4102 haec
971 4059 1045 4102 vera
1067 4059 1163 4102 causa
1187 4036 1308 4102 utrius-

309 4177 371 4239 que
398 4153 649 4239 significationis‚
669 4152 757 4238 quod
773 4159 806 4216 et
822 4151 947 4238 nigram
965 4160 999 4217 et
1015 4153 1183 4216 barbaram
1200 4153 1306 4218 refert.

259 4262 394 4360 Βρὲκος.
417 4291 448 4334 ν.
467 4262 655 4359 Βρέτπανα.

260 4377 398 4474 Βρέφος
416 4383 455 4448 ΙΙ.
479 4373 535 4470 ψ’.
555 4385 627 4449 266.

1 4495 3 4575 Ι
260 4491 418 4590 Βρεχρὸν
436 4499 475 4564 11.
494 4491 528 4563 ε’.
546 4499 621 4584 586.
840 4519 861 4562 Β
881 4497 901 4568 b
