3200 5058
585 367 959 436 HESYCHIANA.
987 369 989 374 ’
1235 374 1300 444 193

248 523 555 611 Γαισδς...μισθόν.
573 535 684 624 Etym.
703 530 802 608 Γαιδς
819 545 852 602 et
868 539 963 604 Euat.
991 539 1056 604 Sed
1073 539 1154 604 nihil
1170 549 1300 606 mutan-

298 649 387 715 dum.
408 651 521 738 Polyb.
538 651 561 718 l.
581 673 610 721 υ.
646 645 813 730 Γαλάτας,
832 651 1178 747 προσαγορευομένους
1194 649 1229 722 δὲ
1245 649 1297 722 διὰ

296 756 340 832 τδ
365 764 488 844 μισθοῦ
512 762 703 858 στρατεύειν
728 761 923 842 Γαισάτους·
959 770 977 848 ἡ
1003 763 1072 864 γάρ
1102 764 1191 862 λέξις
1217 767 1297 851 αὕτη

298 881 404 948 τοῦτο
428 877 574 960 σημαίνει
592 877 711 974 κυρίως.
764 885 810 949 Hi
835 886 977 965 fuerunt,
1002 895 1040 951 ut
1065 887 1190 973 opinor,
1215 911 1297 974 quos

297 996 393 1064 Eust.
420 1019 459 1062 ex
483 995 628 1064 vestibus
651 990 816 1093 Γαιζῆτας
833 1000 914 1066 dixit
930 1003 1003 1068 188.
1059 1001 1126 1091 [Al.
1153 1027 1202 1070 ex.
1220 1005 1324 1082 tons

298 1134 351 1200 392
371 1105 442 1200 24]

248 1220 355 1294 Γαέων
373 1229 413 1296 Il.
431 1222 474 1296 α’.
484 1245 561 1316 405.

249 1337 355 1410 Γαιάν
371 1345 394 1410 J
395 1366 442 1410 os.
460 1345 610 1410 acribitur
627 1337 723 1424 Γεδν,
741 1368 780 1412 ex
803 1370 869 1432 quo
885 1349 999 1414 habuit
1022 1372 1097 1414 eum
1114 1372 1183 1416 esse
1200 1373 1297 1436 quem

300 1461 407 1527 Graeci
436 1461 549 1526 Nilum
576 1469 703 1528 vocent.
729 1464 751 1530 l.
772 1484 799 1529 1.
827 1487 855 1529 c.
876 1485 905 1535 υ.
935 1465 980 1530 ita
1005 1474 1038 1531 et
1062 1467 1172 1531 LXX.
1201 1477 1297 1552 tw)

291 1579 407 1658 *Latini
427 1581 525 1644 (ἕνον.
1310 1617 1348 1657 ,ο

248 1688 278 1756 Γ
279 1689 388 1767 ακένας
402 1695 500 1760 Euat.

249 1801 351 1876 Γάκα.
369 1833 400 1878 v.
419 1803 516 1876 Γάκυ.

249 1918 346 1994 Γάκυ.
363 1951 394 1994 v.
412 1921 528 1996 Γλυκά.

250 2037 393 2110 Γακεΐαι.
410 2067 441 2109 v.
460 2039 560 2111 Γακά.

249 2153 397 2225 Γαλαὰδ.
425 2156 473 2228 ἰ’σ.
502 2153 762 2229 Παλαιστίνων.
781 2211 790 2228 .
807 2209 813 2226 .
831 2156 992 2240 μέτοικος.
1037 2165 1116 2230 Eus.
1139 2165 1174 2230 in
1201 2167 1343 2248 Cant.15

300 2275 396 2343 Cant.
416 2271 564 2358 Γαλαὰδ,
580 2273 727 2356 μέτοικοι
750 2275 938 2370 μαρτυρίας,
957 2280 1192 2372 σκοπεντῆριον
1208 2276 1297 2370 ritim-

298 2393 375 2458 λῶυ.
419 2394 532 2481 Cyrilli
548 2395 723 2482 Appendix
740 2388 879 2460 Γαλαὰδ
895 2388 963 2460 άτδ
987 2390 1065 2468 ἑνός.
1106 2392 1295 2476 Γαλιλαῖος,

298 2505 510 2588 μετοικισμός
528 2510 606 2597 Cyr.

250 2618 452 2704 Γαλαθηνόν.
468 2627 520 2691 Ita
530 2627 599 2691 sine
608 2627 706 2692 dubio
717 2627 933 2694 scribendum.
947 2627 1080 2693 Veteres
1090 2628 1176 2693 enirn
1186 2652 1297 2695 vocem

298 2742 402 2828 ipsam
425 2744 610 2809 derivabant
632 2736 700 2809 άτδ
718 2745 779 2810 τοῦ
796 2736 889 2831 γάλα
912 2743 1044 2825 θῆσθαι,
1061 2745 1084 2810 i.
1095 2767 1122 2809 e.
1141 2738 1346 2822 θηλάσαι.αο

298 2881 329 2924 v.
344 2853 503 2924 Γλακκόν.
525 2860 636 2926 1Sam.
650 2877 680 2946 7,
692 2881 722 2946 9.
741 2860 910 2926 Anacreon
927 2861 1017 2948 apud
1028 2861 1147 2926 Athen.
1160 2861 1184 2926 l.
1196 2884 1227 2949 9.
1242 2854 1295 2928 οἷά

298 2999 338 3038 τε
355 2967 472 3065 νεβρδν
490 2971 644 3054 νεοθηλέα
658 2968 855 3063 γαλαθηνὸν,
869 2984 902 3042 et
909 2969 1170 3054 Pherecrates‚'0v‘
1187 2979 1296 3064 γάλα·

300 3082 394 3166 θηνδν
410 3086 465 3180 ἂρ’
480 3087 515 3158 δν
533 3086 615 3157 θέειν
631 3087 773 3170 μέλλεις.
790 3092 914 3156 Athen.
925 3094 1019 3157 Euat.
1034 3093 1113 3157 Lex.
1126 3093 1219 3157 Arm.
1229 3086 1296 3157 Γα-

298 3200 448 3286 λαθηνδς,
461 3200 656 3302 ὑπομάζιος.
690 3209 754 3273 Sed
766 3209 851 3274 idem
869 3209 965 3274 etiam
977 3209 1052 3273 alibi
1065 3231 1137 3273 cum
1147 3236 1160 3299 Ιι
1175 3209 1294 3274 scribit.

250 3315 538 3414 Γαλακτοφάγιυν.
562 3318 649 3390 Γλα.
666 3325 706 3390 ΙΙ.
724 3317 760 3390 ν’.
780 3326 813 3390 6.
837 3317 1014 3407 ν.”Αβιοι.
1037 3316 1344 3416 Γλακτοφάγωνας

298 3434 400 3522 ἆβέιυν
416 3466 464 3521 τε,
483 3464 518 3529 γ.

249 3547 362 3628 Γέλας
379 3604 388 3621 .
408 3605 416 3622 .
434 3551 481 3622 ἵσ.
496 3550 719 3648 Ἡρακλείτῳ.

250 3663 402 3736 Γαλαλά.
426 3673 448 3737 f.
467 3663 604 3737 Γαλαδά
622 3697 658 3740 π.
676 3667 782 3737 ε’θνῶν.
798 3661 846 3735 ἰ’σ.
864 3659 1009 3748 Γάμαλα
1027 3671 1140 3758 steph.-

249 3781 381 3867 Γαλεοὶ,
397 3779 529 3866 μάντεις
546 3836 554 3852 .
573 3836 582 3852 .
602 3835 610 3852 .
628 3779 719 3853 οδτοι
742 3812 770 3851 κ.
787 3814 821 3851 τ.
840 3781 882 3852 Σ.
899 3780 1025 3864 ι’έκησαν
1049 3781 1115 3853 καὶ.
1130 3809 1161 3854 v.
1180 3787 1295 3876 steph.

297 3903 332 3966 in
345 3897 527 3969 Γαλεῶται.
1304 3936 1344 3995 3ο

249 4012 423 4098 Γαλεώτης
439 4021 605 4106 Aristoph.
624 4023 676 4086 68.
694 4043 724 4086 v.
742 4011 971 4102 Ἀσιιάλαβος
1015 4020 1095 4086 Lex.
1117 4022 1212 4086 Arm.
1227 4015 1294 4088 Γα-

296 4132 428 4215 λεάτης,
446 4130 700 4218 άσκαλαβιέτης,
715 4129 891 4209 Ἀττικῶς.
917 4159 948 4202 v.
966 4130 1135 4214 Κωλώτης

249 4243 343 4328 Γαλῆ
361 4245 551 4344 Ταρτησία.
578 4253 670 4318 Prov.
687 4274 718 4316 v.
735 4252 823 4338 App.
841 4251 915 4317 vat.
933 4259 966 4317 et
984 4251 1114 4336 Su[id].

248 4357 347 4432 Γάλι.
364 4361 411 4434 io.
430 4359 530 4456 γάλις
545 4391 605 4454 pro
621 4361 706 4439 άλις.

739 4504 795 4548 cc
