3140 5054
578 357 941 421 PRAEFA'rlo.
1280 359 1312 422 xi

209 528 459 598 excudendum
485 529 723 600 mandaretur.
787 529 867 600 Nec
893 529 986 600 male
1013 553 1118 624 opere
1144 553 1209 600 suo
1234 554 1312 624 per·

210 643 354 713 functus
384 653 439 714 est
469 645 595 729 scriba,
623 646 826 739 quicunque
855 647 885 716 is
914 645 1031 728 fircrit,
1063 647 1091 716 si
1122 657 1311 718 externum

210 759 393 830 literarum
418 760 571 830 nitorem
596 770 634 830 et
660 761 962 853 pulchritudinem
991 770 1151 854 spectes:
1178 773 1311 846 contra,

210 876 334 966 siquis
352 875 558 968 diligentius
581 877 617 946 id
645 899 729 946 cum
751 875 972 970 autographo
995 877 1199 960 contendat,
1217 877 1311 948 haud

198 1014 322 1083 pauca
349 992 436 1062 inibi
465 991 624 1062 inveniet
652 993 687 1062 in
715 993 844 1084 quibus
872 993 1026 1062 auctoris
1055 1001 1214 1062 mentem
1244 993 1311 1062 nisi

210 1107 312 1178 fallor
328 1131 512 1200 perperam
537 1111 714 1201 accepisse
734 1110 906 1180 videatur.
948 1107 1054 1178 Adde
1078 1108 1174 1200 qnod
1196 1107 1312 1178 multa

210 1226 356 1307 omittit,
375 1247 407 1292 v.
424 1247 458 1316 g.
476 1223 686 1294 omniafere
712 1223 789 1294 loca
815 1223 1026 1294 Homerica:
1052 1223 1173 1294 insunt
1190 1233 1310 1294 tamen

209 1340 246 1412 in
266 1363 309 1410 eo
327 1338 506 1418 nonnulla,
521 1361 599 1430 quae
612 1339 705 1431 apud
719 1340 951 1434 archetypum
968 1363 1039 1409 non
1052 1340 1177 1432 reperi,
1195 1361 1311 1432 neque

210 1479 252 1526 ca
271 1457 419 1525 fortasse
445 1454 564 1524 omnia
589 1477 611 1524 a
638 1453 814 1524 Pearsono
839 1456 1008 1548 profecta,
1028 1454 1139 1526 veluti
1162 1463 1184 1494 ‘⁴
1201 1455 1310 1524 index

210 1572 406 1665 “gentium
433 1570 479 1640 ab
497 1569 679 1662 Hesychia
696 1581 972 1642 memoratarum
995 1573 1039 1641 ad
1067 1571 1212 1664 paginas
1237 1571 1312 1640 odi-

211 1697 230 1726 “
247 1687 353 1756 tionis
371 1685 568 1756 Hackianae
585 1688 759 1777 aptatus.”
802 1685 874 1757 Sed
893 1697 934 1756 ut
950 1695 992 1757 ut
1008 1686 1076 1757 hoc
1093 1688 1149 1768 sit,
1168 1709 1211 1757 ea
1226 1685 1309 1756 huic

209 1804 403 1896 praefationi
421 1801 640 1894 subjicienda
657 1801 753 1884 duxi,
767 1811 937 1895 tanquam
951 1802 1176 1874 Pearsoniani
1195 1803 1310 1895 operis

209 1920 496 2012 supplementum
513 1927 551 1988 et
570 1917 739 2011 Hesychii
759 1921 918 1990 studioso
934 1919 1129 2011 profutura.

271 2035 376 2120 Quod
406 2036 451 2105 ad
481 2036 574 2128 ipsas
604 2034 772 2106 Pcarsoni
803 2037 1050 2108 annotationes
1084 2035 1216 2106 attinet
1246 2057 1309 2127 pro

209 2159 306 2221 certo
328 2151 534 2222 habendum
557 2173 685 2221 censeo
709 2173 792 2221 eum
811 2150 982 2244 Hesychii
1000 2152 1157 2221 editione
1178 2150 1310 2221 Aldina

209 2289 311 2336 usum
342 2289 429 2350 esse,
460 2291 600 2360 perraro
630 2267 667 2336 in
696 2267 884 2337 consilium
914 2276 1040 2337 vocata
1070 2265 1308 2360 Hagenoiinsi.

209 2379 269 2451 Ad
288 2381 588 2463 Schrevelianam,
605 2405 683 2473 quae
699 2405 793 2452 anno
814 2383 895 2451 1668
914 2382 1054 2474 prodiit,
1072 2379 1183 2452 semel
1200 2389 1309 2472 atque

208 2499 337 2568 iterum
363 2497 521 2568 alludere
540 2498 689 2578 videtur,
706 2498 768 2568 sed
786 2498 989 2589 ubicunque
1015 2497 1051 2566 id
1075 2497 1171 2577 fecit,
1190 2496 1309 2566 obser-

208 2625 290 2684 vata
310 2616 386 2707 ejus
411 2614 542 2707 scripta
567 2623 650 2684 sumt
671 2637 779 2684 manu
798 2613 952 2684 tremula
975 2611 1192 2704 senilemque
1210 2613 1309 2682 debi-

207 2729 347 2800 litatem
374 2731 557 2822 prodente.
608 2730 823 2800 Continetur
848 2731 924 2821 ejus
951 2753 1058 2821 opera
1086 2730 1243 2798 maxime
1270 2730 1307 2798 in

207 2845 382 2915 erroribus
399 2845 613 2938 corrigendis
631 2846 705 2916 sive
722 2845 831 2937 ipsius
854 2845 1087 2939 grammatici,
1105 2845 1179 2914 sive
1202 2843 1308 2914 libra-

206 2961 347 3043 riorum,
366 2963 439 3030 sive
455 2961 660 3054 typothetae,
674 2969 754 3030 tum
771 2961 941 3031 citatione
958 2961 1114 3031 locorum
1134 2983 1179 3030 ex
1199 2961 1308 3052 scrip-

206 3076 343 3146 toribus
359 3078 524 3168 antiquis,
538 3077 584 3147 ad
596 3099 685 3172 quos
702 3077 846 3168 respicit
860 3075 1070 3169 Hesychius,
1082 3074 1139 3144 vel
1157 3099 1306 3166 quorum

205 3192 395 3264 collatione
412 3194 475 3264 lux
492 3194 525 3263 ei
543 3193 677 3264 effundi
694 3203 812 3285 queat.
861 3192 964 3263 Nihil
980 3195 1017 3262 in
1034 3192 1089 3262 his
1107 3193 1307 3263 annotatio-

205 3307 311 3377 nibus
327 3309 515 3378 ambitiose
532 3311 703 3401 scriptum
721 3319 795 3379 est:
822 3309 920 3379 nulla
937 3310 1029 3378 inest
1045 3306 1210 3400 gloriolae,
1228 3329 1307 3399 qua

206 3445 252 3492 ex
271 3423 438 3494 doctrinae
452 3427 691 3494 ostentatione
709 3425 815 3517 quaeri
833 3425 934 3505 solet,
946 3424 1121 3515 captatio:
1140 3424 1307 3492 emenda-

205 3539 322 3610 tiones
337 3541 546 3632 simpliciter
558 3543 745 3633 propositae
762 3550 856 3623 sunt,
871 3540 924 3610 vel
941 3541 1059 3632 potius
1071 3539 1179 3608 verba
1190 3561 1306 3632 gram·

203 3655 326 3724 matici
355 3656 654 3746 quemadmodum
683 3679 729 3726 ex
750 3657 859 3726 nostri
877 3655 1054 3726 sententia
1075 3652 1145 3746 legi
1172 3654 1306 3723 debent

204 3768 414 3861 plerumque
439 3772 534 3841 nude
560 3772 795 3866 proferuntur,
822 3772 916 3841 nude
939 3771 1064 3840 itidem
1091 3770 1165 3838 sive
1186 3793 1305 3840 versus

205 3885 281 3953 sive
303 3886 439 3978 paginae
462 3887 673 3979 scriptorum
692 3911 842 3978 quorum
868 3887 1072 3956 testimonia
1088 3884 1301 3978 allegantur:

205 4001 358 4069 virorum
381 4001 577 4085 doctorum,
595 4025 746 4094 quorum
763 4025 913 4072 acumen
937 4010 999 4070 aut
1016 3999 1173 4069 sollertia
1190 3999 1306 4093 Hesy-

204 4115 286 4184 ehio
303 4116 447 4207 profuit,
465 4119 731 4188 emendationes
749 4128 787 4187 et
810 4118 996 4188 observata
1021 4117 1172 4186 strictim
1196 4139 1304 4208 appo·

203 4241 347 4313 nuutur‚
378 4241 574 4326 proveant
604 4241 739 4302 temere
769 4255 891 4302 eorum
922 4231 1134 4323 excogitatis
1164 4229 1235 4300 leni
1268 4241 1306 4301 et

156 4368 162 4376 ·
203 4347 366 4416 modesta
388 4348 690 4418 animadversione
713 4346 884 4417 adhibita.
938 4345 1018 4414 Nec
1048 4345 1197 4414 miretur
1227 4348 1305 4436 quis
