3200 5058
323 361 386 428 190
659 359 1043 424 ADVERSARIA

322 521 535 616 Βυρσατόνος
569 536 718 614 corrupte
752 551 811 614 pro
841 521 1059 619 βυρσότονον.
1101 526 1195 589 Eust.
1223 541 1296 608 771,
1313 539 1367 610 54.

368 784 465 824 τονον
482 755 631 838 κύκλωμα
651 753 829 848 Εὐριπίδης
845 763 946 834 καλεῖ.
974 753 1042 848 [Al.
1060 781 1110 824 ex.
1130 759 1206 822 Eur.
1224 749 1316 843 525]

319 869 488 966 Βυρσίνης.
512 901 590 941 -νου.
609 872 640 940 ἔυ
662 881 733 946 τοῖς·
752 869 916 940 Ἱππεῦσι.
944 897 988 940 sc.
1007 874 1106 938 Arist.
1133 865 1223 937 ἀλλὰ
1249 868 1367 962 βυρσι-

369 1017 421 1067 νην
446 987 529 1082 ἔχων
555 988 772 1062 Δειπνοῦντος
794 985 900 1062 ἐστῶς
926 985 1096 1070 ἀποσοβεῖ
1120 981 1196 1058 τοὺς
1223 985 1366 1077 ῥήτορας
1375 1007 1393 1071 5

369 1129 403 1192 p.
424 1125 496 1194 215.
524 1109 581 1172 ubi
599 1118 631 1173 et
650 1108 757 1173 Schol.
776 1107 1071 1194 reprehendendus,
1089 1105 1144 1190 qui
1170 1112 1316 1182 matrem,
1334 1111 1366 1166 et

369 1223 527 1310 interpres
553 1225 608 1309 qui
634 1225 733 1289 filiam
757 1225 842 1302 facit,
861 1247 936 1289 cum
957 1245 1039 1286 uxor
1060 1221 1157 1285 fuerit
1178 1229 1260 1285 teste
1276 1221 1365 1284 Thu-

370 1339 442 1424 eyd.
460 1362 490 1404 v.
506 1340 630 1406 Meurs.
649 1341 755 1406 Pisist.
772 1363 801 1404 e.
818 1357 868 1423 17.

320 1447 448 1545 Βυρρὸς
467 1505 475 1521 .
496 1504 503 1520 .
524 1449 716 1547 .Τυρρηνοι’.

319 1565 454 1661 Βύρσαν
473 1621 481 1636 .
501 1621 509 1637 .
529 1623 537 1638 .
555 1573 578 1638 f.
597 1564 751 1663 δράμασι,
769 1581 807 1637 ut
831 1573 917 1649 alibi,
935 1593 1010 1635 cum
1036 1577 1120 1635 esset
1145 1592 1263 1635 nomen
1287 1570 1366 1634 Car·
1378 1593 1415 1630 10

365 1688 518 1773 thaginis,
536 1683 660 1777 Su[id].
677 1689 709 1752 in
727 1683 943 1780 Ἀφρικανός.

322 1796 565 1891 Βυρσιμῶλους.
583 1798 630 1868 ἵσ.
648 1796 915 1895 Βυρσιμᾶλλους.

320 1909 552 2006 Βυρσοδέψης.
571 1909 790 2004 σκυτοδέψης.

319 2026 578 2122 Βυρσόκαππον.
606 2035 645 2098 L.
662 2029 794 2100 σόπαπ.
808 2035 974 2120 Aristoph.
994 2035 1103 2120 Equit.
1121 2059 1154 2121 p.
1168 2049 1240 2120 215.

319 2142 439 2214 Βΰσαι.
457 2145 624 2215 ἐπιθεῖναι.
1377 2174 1412 2238 15

319 2259 494 2342 Βύσσινον,
530 2266 732 2358 πορφυροῦν.
768 2269 808 2332 L.
839 2270 990 2332 Armaeh.
1022 2262 1197 2344 Βῦσσιναν,
1226 2259 1363 2342 κυάνεον,

368 2381 569 2475 πορφυροῦν,
580 2377 699 2474 ἆέριον.
718 2407 786 2470 p.p.
800 2378 949 2449 Βῦσσινα
963 2384 1133 2476 πορφυρᾶ,
1148 2407 1185 2448 ac
1203 2384 1230 2448 si
1246 2383 1364 2468 byssus

367 2501 507 2565 tinctura
537 2509 631 2580 esset,
659 2524 733 2566 eum
755 2503 797 2564 sit
823 2501 926 2565 linum
954 2501 1061 2587 ipsum
1092 2523 1130 2565 ex
1159 2523 1223 2585 qua
1248 2508 1362 2565 vestes.

366 2641 397 2681 v.
417 2619 589 2682 Pollucem.

318 2726 452 2804 Βυσσός
470 2734 509 2797 Il.
527 2727 571 2797 ω’.
587 2736 638 2798 80.
671 2731 737 2820 [Al.
756 2756 805 2797 ex.
825 2733 944 2798 Herod.
963 2729 1057 2818 Lem]
1373 2771 1413 2810 20

318 2842 578 2925 Βυσσοδομεῦειν
595 2847 660 2913 Od.
678 2841 716 2913 δ’.
730 2851 804 2934 676.

318 2958 488 3039 Βύσσωσι,
506 2956 660 3056 φρᾶξωσι
679 2966 758 3032 Lex.
776 2967 869 3030 Arm.

318 3072 495 3166 Βυστάγα.
538 3103 642 3164 neque
668 3091 818 3146 accentus
840 3105 944 3167 neque
966 3083 1066 3148 literae
1091 3084 1229 3169 placent.
1279 3085 1362 3148 Puto

367 3196 531 3281 scripsisse
566 3191 733 3261 Βύστακα.
792 3199 995 3285 Antiphanes
1033 3200 1120 3286 apud
1154 3201 1360 3278 Athenaeum,

363 3305 538 3377 Ἀπόλαυε
554 3315 616 3377 τοῦ
633 3305 751 3406 ζωμοῦ,
769 3309 867 3406 φόρει
884 3309 960 3387 τοὺς
977 3312 1155 3398 βύστακας.
1208 3318 1259 3381 lta
1276 3339 1361 3403 saepe
1373 3329 1409 3394 25

365 3425 393 3510 β
408 3452 468 3515 pro
484 3456 519 3507 μ.

316 3539 508 3616 Βοθὲοντες.
536 3547 640 3613 Series
655 3548 798 3634 postulat
808 3541 898 3614 Βωθ.
916 3558 953 3613 ut
970 3558 1055 3630 ante,
1069 3545 1204 3630 Βωθεῖν,
1217 3547 1360 3632 βοηθεῖν.

367 3685 482 3748 nempe
507 3656 592 3729 κατὰ
619 3655 734 3755 κρᾶσιν
765 3665 826 3728 τοῦ
853 3689 872 3728 ο
897 3660 949 3730 καὶ
976 3693 1004 3743 η,
1035 3674 1167 3732 notante
1196 3667 1288 3732 Eust.
1322 3677 1360 3731 ut

366 3778 453 3863 apud
472 3778 671 3844 Herodotum
694 3774 821 3856 Βῶσαι,
844 3790 876 3845 et
893 3775 1069 3854 Βώσαντες
1093 3805 1153 3869 pro
1170 3777 1299 3860 Βοῆσαι
1328 3791 1361 3847 et

311 3881 326 3898 Ἴ·
365 3889 557 3973 βθῆσαντευ.
593 3895 672 3958 Lex.
686 3897 777 3960 Arm.
796 3891 1229 3980 Βωθέοντας,·βοηθοῦντας.
1368 3900 1409 3956 30

315 4001 484 4102 Βοθῦζειν.
521 4005 701 4074 Seriest
720 4060 727 4075 .
747 4061 755 4076 .
774 4006 941 4079 θωΰσσειν.

314 4117 516 4191 Βακᾶθυνον.
556 4120 665 4203 Βῶκα,
683 4123 802 4192 θύννον.
828 4122 950 4199 Βωκός.

314 4237 479 4332 Βώκαρος.
498 4247 534 4326 q'
550 4243 590 4307 de
607 4243 793 4309 Acamante.
826 4245 891 4327 [Al.
910 4266 960 4310 ex.
978 4247 1058 4332 Lyc.
1070 4265 1112 4332 45
1113 4247 1160 4333 5.]

314 4353 430 4424 Βολῖα
449 4409 457 4424 .
477 4409 484 4423 .
501 4351 614 4452 μάζης.
