3140 5054
554 348 925 414 PRAEFATIO.
1277 369 1297 410 v

240 549 261 586 u
287 534 378 614 soepe
407 516 595 617 πλεονάζει.
640 515 768 616 στάχυς
794 513 955 616 ἄσταχυς,
982 519 1110 617 credie
1135 519 1295 616 ἆστιιφὶς,

291 635 423 730 σπαῖρω
440 635 604 732 ἆσπαίρω.

242 783 268 869 β
278 805 348 876 pro
366 788 396 879 φ
413 782 649 854 Macedonico.
685 781 803 879 Scapt.
822 783 860 854 in
878 783 1014 882 Βέροια.
1135 867 1138 872 Ι

243 963 260 1012 η
278 931 316 1000 in
334 929 452 1002 multis
464 933 699 1028 praeponitun
713 941 751 1003 ut
768 929 998 1028 ἡγρᾶμματοι,
1017 931 1112 1014 iudo.
1132 953 1162 1002 v.
1180 929 1298 1026 steph.

291 1047 453 1142 Appcud.
761 1055 764 1061 “

195 1177 346 1250 Necnon
364 1181 402 1252 in
419 1182 489 1252 fine
508 1181 686 1274 ejusdem:

241 1310 320 1382 Mel
333 1337 377 1382 eu
383 1311 535 1406 floribus
552 1314 725 1408 conficere.
760 1311 879 1409 Stept.
897 1309 1070 1406 Ζυγαντῖι.

243 1437 352 1538 Lupis
371 1444 567 1540 Carystius.
603 1443 722 1539 Scapt.
742 1444 931 1541 Κάρυστος.

243 1573 329 1646 Led.
364 1573 451 1647 MS.
485 1574 616 1648 Αιίιι.ὓ
645 1577 859 1672 Τρῖχαπτον,
895 1575 1066 1664 Χαβῶνες,
1105 1577 1301 1659 Ὠτοθῆσω,

294 1691 440 1763 Κλανῖα.
790 1731 795 1742 ’

245 1824 330 1896 Led.
347 1825 526 1920 Stephani,
547 1825 744 1923 Παροιμίαι,
764 1823 983 1918 Τηλαύγημα,
1008 1825 1208 1924 Κόλαβρον,
1229 1826 1301 1897 Βα-

293 1943 469 2036 ρακῖνησιν.

246 2070 358 2144 Sclel.
378 2071 476 2145 θνα).
496 2075 534 2144 in
550 2073 684 2170 Euentu.
703 2072 962 2169 ιἰιἊγραυλον.

247 2205 395 2276 Eudemi
407 2205 495 2277 Leu.
510 2217 542 2278 ct
553 2206 642 2278 Luc.
653 2206 740 2279 MS.
752 2231 843 2302 serpe
860 2209 997 2279 citatur.
1024 2206 1117 2278 Eud.
1129 2216 1214 2301 puto
1230 2231 1302 2278 ser·

295 2332 394 2393 untur
408 2321 564 2394 Florent.
583 2347 680 2417 quem
699 2322 750 2394 iti
766 2325 951 2418 cucurrerit
967 2322 1049 2395 Bic.
1067 2320 1283 2394 Peursonur.

248 2468 447 2541 Voluminis
465 2473 609 2542 secundi
628 2473 688 2563 (R.
701 2500 731 2563 9.
744 2477 791 2566 6.)
810 2476 937 2545 titulus
954 2484 1018 2556 est,
1032 2472 1301 2545 Eruendutioncr

297 2595 328 2654 et
345 2585 548 2678 couy'coturoe
560 2586 608 2656 ud
618 2585 792 2683 Herculii
803 2589 851 2670 A,
866 2613 943 2680 quae
960 2597 1114 2682 pergunt
1128 2610 1239 2679 usque
1256 2589 1300 2658 ad

296 2701 403 2770 finem
421 2701 532 2772 literae
549 2700 591 2776 Ξ.
643 2704 686 2773 In
713 2705 885 2797 principio
910 2705 991 2774 libri
1013 2705 1091 2774 haec
1109 2703 1300 2796 leguntur:

297 2815 468 2888 AEmtlc'us
482 2817 614 2889 Portus
631 2817 673 2890 dc
683 2819 806 2913 prisca
821 2819 1025 2892 Grcucorum
1044 2818 1301 2912 compotatione.

252 2963 429 3038 Volumen
464 2971 621 3041 tertium·
639 2967 698 3058 (R.
722 2995 753 3060 9.
777 2975 823 3060 7.)
856 2971 970 3062 primo
1005 2969 1098 3039 sistit
1127 2966 1303 3039 Emenda-

298 3081 404 3152 tioucc
430 3093 462 3154 ct
487 3084 697 3177 conjecturas
719 3084 767 3155 ud
790 3082 963 3179 Hesychii
980 3082 1106 3154 Ο-Ω,
1160 3083 1301 3152 Deinde

298 3208 512 3288 sequuntur:

254 3369 282 3414 1.
317 3345 419 3419 Voces
445 3347 647 3420 Homericae
672 3348 860 3420 emendato
893 3347 992 3442 [vide
1022 3346 1127 3438 hujus
1158 3345 1238 3415 libri
1265 3369 1299 3438 p.

300 3473 489 3554 71'2—762.
517 3466 560 3535 In
578 3467 644 3536 hac
663 3467 751 3537 serie
769 3466 907 3535 edenda
923 3465 1082 3555 quiedam
1101 3461 1213 3544 omisi,
1232 3461 1301 3531 alia

195 3640 199 3644 ,
298 3580 334 3648 in
361 3581 502 3651 brevius
526 3583 709 3652 contraxi:
736 3589 902 3650 neutrum
922 3588 1041 3647 tamen
1059 3601 1141 3647 curn
1159 3577 1301 3648 lectoris

239 3767 243 3773 ,
299 3695 490 3788 dispendio.
528 3696 701 3788 Pleraque
719 3695 814 3766 enirn
833 3694 917 3763 alibi
936 3694 1034 3762 dedit
1053 3693 1278 3782 Pearsonnn]

250 3866 282 3912 2.
308 3841 508 3914 Homericae
526 3841 690 3915 dictiones
714 3845 797 3932 [vid.
816 3866 849 3934 p.
870 3846 957 3930 762]

237 4055 250 4091 b
272 4055 340 4112 Len.
355 4057 434 4112 Ανιιι.
451 4058 510 4114 sive
523 4058 653 4114 ΑνιιιιιιΙι.
670 4058 781 4114 videtur
795 4057 881 4113 fuisse
899 4057 1060 4130 exemplum
1075 4056 1172 4113 Lexici
1186 4057 1299 4121 veterio,

193 4153 272 4228 qnod
292 4153 454 4228 plerumque
468 4155 520 4210 sub
535 4155 635 4230 Cyrilli
655 4155 770 4210 nomine
792 4153 996 4213 circumfertur.
1041 4153 1076 4210 Id
1089 4155 1302 4210 commodatum

192 4251 296 4306 habuit
308 4250 476 4315 Pearsonue,
492 4251 546 4307 nisi
560 4250 651 4317 fallor,
662 4252 697 4306 ab
711 4251 899 4320 reverendiss.
911 4252 939 4308 J.
950 4251 1068 4324 Ueserio
1076 4251 1299 4326 Archiepiscopo

193 4346 388 4404 Armacheno.
430 4347 497 4404 Vid.
513 4347 587 4404 infra
600 4368 628 4422 p.
641 4365 707 4423 155,
721 4367 770 4422 31.

739 4446 759 4506 b
