3148 5064
299 307 365 378 892
634 296 1014 366 ADVERSARIA

301 467 435 567 Ἰράνες,
451 469 484 538 οἱ
499 469 626 562 εἵρῆνες.
653 492 684 536 ν.
700 469 723 535 l.
743 467 866 534 Herod.
885 460 1066 542 ἧλικιάτας.
1094 462 1178 528 Plut.
1198 462 1277 546 Lyo.

299 581 415 682 ’Ῑράιον
433 589 472 654 Il.
490 582 534 654 α’.
553 603 628 674 531.
647 585 723 652 Sch.
742 584 808 650 -ὣν,
834 606 865 650 v.
884 572 1010 672 Ἰρᾶιον.

266 788 274 796 ¹
295 701 438 800 Ἴρεραν,
456 698 611 782 δουλείαν,
629 725 688 789 pro
706 695 849 792 Εἵρερον
867 699 931 764 Od.
951 690 993 764 θ’.
1011 711 1089 783 529.
1114 718 1146 760 v.

293 817 447 916 Ἰρεσσιν
463 817 520 887 εὀι.
546 820 725 906 refragante
742 817 835 896 serie,
854 816 893 883 Il.
910 809 955 880 λ’.
974 830 1026 896 27.
1051 835 1082 878 v.
1100 834 1159 878 ruo
1176 811 1258 876 looo.

300 934 400 1033 Ἱρεὺς
418 940 458 1006 11.
475 931 510 1004 ε’.
528 959 577 1002 10.
1359 948 1376 1009 5

303 1051 408 1148 Ἰρεῑν,
424 1050 472 1121 ἰ’σ.
489 1047 551 1146 ἶρις
565 1054 617 1120 vel
627 1047 730 1144 Ἶρος.
756 1074 787 1117 v.

295 1165 398 1266 Ἴνιέ
413 1173 453 1238 1¹·
471 1165 521 1264 φ’·
535 1193 612 1258 494·

294 1285 425 1382 Ἴρινες,
441 1282 665 1380 μελλέφηβοι.
691 1309 722 1351 v.
739 1285 891 1350 Ammon.
909 1283 944 1347 in
962 1275 1081 1373 Γέρων.
1105 1274 1153 1345 ἰ’σ.
1169 1271 1300 1371 Ἰρῆνες.

296 1401 381 1499 Ἶρις
399 1407 439 1471 Il.
458 1399 503 1494 γ’.
520 1425 591 1473 121.
618 1401 636 1480 ἡ
656 1401 733 1469 θεῶν
750 1392 835 1489 ἀγγ.
853 1402 965 1488 Etym.

303 1517 444 1616 Ἰρύσειν
459 1545 519 1608 pro
536 1515 696 1614 Εἵρυσαν.
791 1570 795 1576 ·
1362 1546 1400 1584 ιο

302 1632 416 1732 Ἱρμάς
432 1661 492 1726 pro
508 1632 648 1730 Εἶρμός.

302 1746 507 1846 Ἱρμοσάμην
523 1777 582 1840 pro
597 1747 668 1846 Ἡρ

297 1865 400 1961 Ἶρος,
417 1864 658 1957 ἀπαγγέλλων,
675 1868 867 1956 etymologia
885 1865 1057 1932 Homerica
1074 1863 1140 1928 Od.
1158 1853 1201 1928 α’.
1217 1879 1246 1946 7.

297 1980 389 2078 Ἶρος
406 1977 497 2075 ἀΐρος

297 2098 392 2195 Ἶρος
409 2097 534 2179 ἀλήτης
552 2101 616 2166 Od.
634 2091 679 2166 α’.
699 2118 750 2186 25.

302 2214 397 2312 Ἱρῶν
414 2220 454 2285 Il.
472 2212 506 2285 ε’.
524 2220 594 2302 178.

299 2325 350 2405 Ἲς
369 2336 408 2400 Il.
425 2329 471 2412 μ’.
484 2356 560 2423 3αο.

304 2439 444 2541 Ἰσᾶζιον
463 2449 503 2514 ΙΙ.
519 2443 565 2529 μ’.
583 2471 624 2537 43
627 2465 658 2536 5.

297 2556 392 2629 Ἴσοι
411 2555 529 2656 φῆφοι
549 2565 652 2651 Harp.
671 2563 801 2648 Su[id].

296 2655 409 2742 Ἴσον,
434 2659 487 2730 ἐπ.
515 2665 555 2732 Il.
573 2659 604 2730 ι’.
623 2667 697 2752 653.
735 2687 766 2729 v.
792 2664 889 2730 Eust.
917 2663 1040 2747 782,1.
1081 2653 1131 2749 ᾔά.
1156 2660 1270 2730 AEsch.
1296 2674 1402 2745 37.20

356 2803 387 2845 v.
404 2772 525 2846 Εῗσαν.

299 2889 434 2960 Ἶσασιν
452 2897 491 2962 Il.
509 2888 644 2989 (2151.

309 3002 487 3080 Ἰσᾶσκετο
506 3012 545 3080 ll.
562 3005 608 3079 ω’.
621 3015 697 3095 607.

307 3123 439 3218 Ἰσγέον
450 3137 598 3216 corrupte
612 3151 672 3215 pro
681 3123 803 3195 ἰστέον.
815 3152 840 3216 γ
850 3129 936 3194 enim
945 3129 1040 3194 etiam
1054 3129 1088 3192 in
1096 3136 1160 3194 vet.
1175 3149 1253 3196 mss.
1263 3149 1350 3212 oaepe

321 3323 323 3327 .
357 3269 416 3333 pro
433 3273 467 3327 τ,
484 3247 572 3331 quod
588 3246 710 3310 Theod.
730 3245 853 3314 Gazam
877 3245 912 3312 in
932 3245 1110 3332 jocularem
1135 3266 1274 3314 errorem
1300 3242 1351 3308 in·
1362 3267 1399 3328 25

358 3361 464 3443 duxit,
478 3361 534 3448 qui
551 3361 634 3425 circa
650 3361 749 3425 finem
765 3361 788 3428 l.
799 3382 830 3448 3.
848 3357 1071 3453 εὐλογώτερον
1086 3356 1200 3438 μέντοι
1218 3354 1271 3424 ἐπὶ
1288 3359 1352 3427 τοῦ

357 3473 486 3570 ὀρύττω
510 3471 562 3542 καὶ
584 3476 649 3542 τῶν
671 3472 789 3555 ὁμοίιον
810 3468 955 3568 γράφειν
972 3473 1103 3569 ὀρύτγα
1120 3471 1186 3562 (vel
1202 3473 1349 3569 ἀράγτω)

356 3585 505 3684 καθάπερ
535 3587 586 3658 καὶ
617 3588 650 3658 ἐν
678 3597 748 3664 τοῖς
777 3588 1011 3685 παλαιοτέροις
1040 3593 1105 3657 τῶν
1134 3583 1351 3684 ἀντιγράφων

355 3705 488 3798 ὁρῶμεν.
541 3709 630 3793 [vid.
648 3710 737 3776 Bast.
757 3708 883 3778 Comm.
903 3710 1058 3798 Palaeogr.
1075 3733 1109 3796 p.
1125 3725 1198 3796 735.
1224 3731 1351 3776 necnon

356 3823 437 3889 Tab.
449 3824 496 3888 ΙΙ.
514 3824 537 3888 l.
553 3845 603 3888 10.
620 3823 714 3892 Adde'
727 3826 891 3894 notataad
904 3825 994 3894 suid.
1012 3847 1044 3911 p.
1056 3840 1119 3912 535
1135 3826 1175 3893 B.
1188 3841 1274 3916 3510
1286 3819 1345 3910 G.]
1361 3846 1403 3904 30

300 3931 393 4001 Ἶσθι
413 3936 477 4002 Οά.
496 3931 542 4018 β’.
560 3940 635 4024 356.
679 3936 746 4026 [Al.
764 3963 814 4004 ex.
831 3940 997 4027 Aristoph.
1014 3935 1084 4024 66.]

308 4047 455 4132 Ἰτητέον
470 4055 636 4140 Aristoph.
655 4055 744 4126 Nub.
771 4079 802 4122 ν.
820 4051 951 4143 Su[id].

309 4163 427 4247 Ἰσθλῆ
440 4217 449 4234 .
462 4219 469 4235 .
482 4219 490 4235 .
501 4164 549 4235 ἰ’σ.
564 4162 730 4262 Ἀμερίας.
747 4195 778 4237 ν.
785 4165 921 4240 Ἶσκλαι
939 4179 972 4238 et
988 4165 1127 4241 Ἰσσέλα
1140 4180 1173 4239 et
1186 4152 1352 4242 Ἰτθέλαν.

309 4276 510 4378 Ἰσθμιάζειν
530 4280 653 4374 Su[id].

301 4395 440 4478 Ἴσθμα,
558 4425 594 4467 ον
611 4401 880 4494 περιτραχήλιον.
906 4429 938 4474 v.
946 4398 1099 4483 Ἴσθμια.
1363 4427 1402 4486 35
