3200 5058
314 359 378 428 162
644 363 1031 428 ADVERSARIA

364 520 424 593 τὸν
449 521 595 610 βασιλέα
621 520 761 595 Βιίττον
786 525 951 594 καλέουσι.
996 525 1063 615 [Al.
1089 548 1139 592 ex.
1161 525 1287 590 Herod.
1308 545 1361 610 ap.

286 699 289 704 ,
366 643 459 708 Pind.
479 642 586 708 Schol.
606 638 697 732 230.]
756 647 758 652 ’

316 749 456 824 Βάττου
477 753 641 848 σίλφιον.
656 805 665 823 .
680 751 910 837 ,ἐκτίτμηταα
946 761 1035 846 Lego
1061 752 1280 834 ἔκτετίμηται.
1302 776 1364 840 pro

357 867 530 952 Ἀμμονα,
548 900 622 952 ωνα,
648 897 707 960 pro
732 866 958 966 ἐγχαριίχθαι,
982 865 1199 966 κεχαριίχθαι,
1217 873 1268 937 vel
1292 867 1364 959 ἐγκ.

367 983 435 1077 [Al.
454 1011 503 1053 ex.
521 989 687 1075 Aristoph.
705 1003 760 1074 45.
779 984 848 1078 64]

318 1095 458 1169 Βιίττου
475 1096 610 1170 σκοπιαί.
644 1104 685 1169 V.
702 1106 781 1170 Ant.
800 1105 991 1170 Liberalem.

318 1215 450 1306 Βανβᾷ.
483 1219 521 1286 1.
539 1215 672 1305 Βαυβᾷ,
697 1211 844 1313 κοιμίζει.
897 1220 1000 1305 Sopit,
1018 1211 1056 1283 ut
1081 1218 1223 1304 nutrices
1250 1217 1364 1292 solent,

369 1335 552 1400 baubando.
605 1336 667 1400 Est
689 1335 775 1400 enim
789 1358 852 1399 vox
869 1335 945 1400 ficta
966 1358 1006 1399 ex
1032 1357 1110 1399 sono
1133 1357 1230 1419 quem
1255 1333 1366 1412 edunt,

370 1452 448 1515 dum
467 1473 617 1515 somnum
634 1451 801 1514 infantulis
823 1450 991 1516 conciliare
1014 1450 1160 1536 cupiunt,
1179 1451 1267 1535 quod
1287 1445 1368 1531 βαυ-

370 1563 437 1648 βᾶν
458 1564 629 1649 βαυκαλᾶν
650 1575 683 1632 et
707 1557 916 1659 βαυκαλίζειν
939 1567 1046 1632 Graeci
1071 1567 1193 1630 dieunt.
1257 1566 1367 1651 Etym.
1381 1582 1417 1620 1⁰

370 1678 438 1763 βαΰ
454 1674 497 1748 τὸ
513 1673 765 1775 κατακοιμίζειν.
807 1681 916 1746 Scribe
932 1673 1152 1775 βαυκαλίζειν,
1168 1671 1369 1762 κατεβαυκιί-

371 1792 449 1862 λισέ
466 1824 518 1876 με,
545 1793 648 1888 φησίν
670 1794 689 1862 ὁ
713 1793 876 1876 Κωμικός.
931 1800 1023 1863 Idem
1045 1799 1132 1864 enim
1154 1807 1187 1862 et
1211 1801 1315 1880 sepire
1337 1804 1369 1860 et

377 1935 516 1978 romaum
533 1934 644 1996 capere
661 1912 832 1999 significat.

322 2022 471 2108 Βαυβᾶν,
488 2019 657 2093 καθεύδειν.
677 2029 727 2092 Ita
745 2029 861 2094 scribo.
879 2030 1112 2116 Aristophanes
1131 2029 1369 2095 Grammaticus

373 2145 462 2229 apud
477 2145 573 2208 Eust.
590 2143 675 2210 inter
690 2166 784 2209 voces
804 2143 1020 2236 καινοφώνονς
1050 2147 1134 2210 hanc
1156 2146 1263 2223 habet,
1288 2141 1394 2227 βου-Ι
1400 2157 1417 2217 5

371 2254 439 2340 βᾶν
460 2251 503 2324 τὸ
528 2257 717 2337 κοιμᾶσθαι,
735 2267 767 2324 et
789 2261 896 2325 locum
922 2263 1010 2326 hunc
1032 2284 1072 2326 ex
1098 2262 1204 2346 aliquo
1226 2269 1370 2326 veterum

373 2373 516 2459 proferte
543 2371 560 2449 ἦ
578 2367 612 2438 δὲ
629 2379 849 2465 προυκαλεῖτο
866 2372 998 2458 βαυβᾶν
1016 2374 1090 2454 μετ’
1107 2374 1215 2456 αὐτῆς.

277 2480 278 2483 ¹
324 2482 540 2570 Βανβυκᾶνες.
565 2511 596 2554 v.
615 2485 784 2572 Βαβυκιίς.
912 2552 914 2554 ,

326 2599 458 2682 Βανμώ.
485 2605 526 2670 L.
543 2599 677 2688 Βαυβιί.
705 2630 823 2672 nomen
848 2608 946 2695 hujus
971 2609 1111 2674 soeminae
1137 2610 1217 2673 mire
1241 2631 1373 2694 corrup-

376 2728 464 2784 tumr
491 2721 579 2804 apud
603 2743 707 2785 unum
734 2724 867 2788 Suidem
893 2747 981 2789 nunc
1008 2719 1125 2806 Βαβῶ,
1148 2748 1236 2790 nunc
1259 2719 1421 2816 Bapcl,20

376 2858 464 2900 nunc
489 2830 594 2902 Βαθῶ
618 2838 778 2903 scribitur.
830 2840 880 2904 cl.
901 2841 993 2906 Alex.
1017 2833 1175 2930 ξενίσασα
1203 2840 1221 2917 ἦ
1247 2835 1370 2922 Βαυβιίν

374 2945 434 3028 τὴν
457 2945 534 3028 Δηὼ
560 2948 669 3043 ὀρέγει
695 2955 828 3019 κυκεῶνα
854 2952 945 3045 αὐτῇ.
984 2979 1015 3022 v.
1040 2951 1167 3022 Meurs.
1186 2958 1256 3024 Att.
1281 2958 1371 3022 Lect.

377 3090 412 3152 P·
431 3082 506 3153 347·

327 3176 513 3246 Βαυκαλᾶν.
541 3181 632 3268 Orig.
650 3185 733 3249 Adv.
753 3186 840 3252 Cels.¹
860 3205 953 3276 1532,
969 3210 1024 3272 44.
1056 3187 1123 3278 [Al.
1141 3215 1191 3257 ex.
1211 3215 1242 3257 v.
1263 3185 1374 3256 Κατε·

377 3289 576 3380 βαυκιίλησε.
602 3322 633 3364 v.
653 3293 857 3384 Κατάβαικα
874 3313 908 3369 et
926 3299 1086 3388 Νιίννιος.]
1384 3333 1399 3370 2
1403 3327 1421 3391 5

328 3407 584 3490 Βαυκανῆσεται.
612 3416 649 3480 F.
667 3419 720 3493 λη.

330 3520 606 3621 Βαυκανιζόντων.
633 3531 738 3618 Ιτ.λι.

331 3638 484 3714 Βαυκίιίες
501 3647 596 3710 Euat.
618 3663 711 3732 1522,
728 3669 777 3713 11.

331 3753 455 3848 Βαχία.
481 3761 536 3823 An
553 3756 702 3851 Βακχεία
721 3765 874 3832 Platonis.
900 3791 931 3832 v.
951 3770 1077 3835 Meurs.
1096 3769 1130 3834 in
1151 3771 1333 3835 Orchestra.

331 3865 472 3964 Βιίχθει.
498 3869 544 3940 ἰ’σ.
564 3869 713 3967 Βιίχθος.
1385 3905 1425 3962 30

332 3981 471 4076 Βιίνίιας.
492 3990 648 4067 ..κοπῆν.
675 3995 715 4059 L.
732 3992 849 4072 κώπην.
877 3991 1007 4085 Su[id].
1026 3992 1166 4088 Βιίψας,
1183 3995 1243 4078 την
1259 3997 1376 4078 κώπην,

381 4100 540 4177 ἔπλευσας
566 4102 678 4173 &tortu
722 4113 862 4198 respexit
888 4123 1024 4200 uterque
1052 4117 1120 4181 sine
1145 4116 1244 4182 dubio
1271 4118 1377 4182 locum

343 4307 345 4312 Ι
381 4219 547 4305 Aristoph.
573 4222 608 4286 in
637 4217 852 4307 Δαιταλεῦσι,
870 4229 927 4314 qui
954 4231 1047 4295 nobis
1074 4231 1114 4296 ab
1145 4232 1248 4318 Harp.
1276 4254 1377 4296 reser-

382 4343 484 4400 vatur.
512 4331 647 4404 Ἐθέλω
663 4331 787 4428 βάψας
803 4336 887 4434 πρὸς
905 4340 1090 4417 ναυτοδίκας
1106 4340 1197 4437 ξένην
1213 4341 1376 4440 ἐξαίφνης.

1586 4039 1588 4190 ί
