3140 5054
534 365 929 428 HESYCHIANA.
1217 371 1258 432 15

211 523 354 616 Ἀγκῶν.
383 531 422 594 L.
440 525 489 594 ἐπ’
506 526 649 618 ἀγκῶνος
666 528 712 612 βῆ
729 527 857 624 τείχεος
874 523 1034 620 ὑψηλοῖο.
1062 534 1101 598 ΙΙ.
1118 527 1165 599 π’.
1184 551 1256 619 702.

210 637 348 731 Ἀγλαὰ
365 693 373 709 .
390 692 397 708 .
416 637 563 736 ἀνθηρά.ι
601 703 605 714 .

209 753 396 844 *Ἀγλαΐα
420 760 514 825 Pind.
535 763 607 845 187.

208 867 403 965 Ἀγλαῗηφι
424 870 465 940 Il.
485 867 530 967 ζ’.
548 893 623 961 510.

207 983 448 1075 Ἀγλαιεῖσθαι
468 991 507 1054 ΙΙ.
525 985 565 1056 κ’.
583 981 657 1078 331.

208 1097 365 1190 Ἀγλαόν
382 1099 428 1169 tt.
449 1107 487 1170 ll.
505 1101 552 1187 β.
572 1125 648 1193 307.

211 1211 410 1305 Ἀγλάμασι
430 1231 580 1306 corrupte
599 1245 658 1307 pro
669 1215 831 1308 ’'A‘ypact
853 1223 977 1310 su[id.]

209 1324 363 1418 Ἀγλαὸς
383 1336 421 1398 Il.
440 1331 487 1416 β.
508 1339 580 1423 736.

210 1439 454 1538 Ἀγλαοφωτὶς
471 1451 510 1514 L.
532 1451 681 1514 Plinium.

201 1550 402 1648 ’Ἀγλαυκον
419 1574 567 1651 corrupte
585 1588 644 1650 pro
653 1559 855 1651 ’Άγλευκοα
903 1569 976 1632 Nic.
1001 1567 1066 1655 [Al.
1089 1565 1174 1654 171.]
1196 1562 1257 1631 Ἀ·
1271 1597 1305 1634 ιο

261 1675 397 1764 γλαύκην
417 1672 605 1745 θάλασσαν.

211 1786 438 1885 Ἀγλαυρίδες.
464 1790 510 1859 ἵσ.
528 1801 639 1887 μοῖραι
664 1793 744 1886 παρ’
762 1791 957 1874 Ἀθηναίοις.
998 1800 1108 1863 Varin.
1128 1822 1157 1863 v.
1175 1800 1255 1863 Eur.

262 1910 333 1973 Ion.
350 1927 425 1996 495.
449 1908 496 1997 [in
514 1913 553 1974 al.
571 1935 619 1976 ex.
638 1907 748 2002 ἱέρειαι
766 1914 817 1977 vel
832 1909 971 2004 μοῖραι.]

202 2017 402 2116 Ἄγλαυρος
417 2073 424 2088 .
438 2073 445 2088 .
459 2074 467 2088 .
480 2018 582 2116 παρὰ.

170 2205 173 2208 ,
212 2129 478 2230 *Ἀγλέφαροα
504 2162 535 2202 v.
554 2134 739 2229 γλεφαρόν.
1269 2174 1303 2234 15

212 2244 372 2338 Ἀγλῖδια
389 2280 422 2316 σ.
466 2254 540 2316 Vox
558 2254 676 2316 Dorica
693 2254 767 2318 Cor.
786 2277 838 2341 31,
858 2276 910 2324 22.
935 2254 983 2342 [in
1009 2256 1048 2319 al.
1067 2278 1115 2320 ex.
1134 2249 1257 2341 Ἀγλῖ-

262 2362 323 2433 δια.
349 2363 584 2456 ἰ’σ.”Αγλιθες.
611 2393 641 2433 ν.
660 2372 825 2456 Aristoph.
842 2365 943 2458 Ach.]

210 2477 395 2569 Ἀγλεΐτις.
422 2486 532 2570 Etym.
548 2478 726 2571 Ἀγλῖτης,
745 2481 877 2563 οἰκέτης.

214 2591 445 2684 *Ἂγλωσσοι
466 2600 557 2663 Pind.
575 2620 650 2680 401.

215 2705 365 2800 *Ἂγμα
384 2741 416 2778 σ.
435 2741 463 2778 κ.
481 2707 627 2792 κλάσμα.

214 2820 384 2913 Ἀγμικὸν.
422 2831 517 2893 Forte
535 2840 683 2915 corrupte
701 2853 760 2915 pro
769 2825 950 2908 ’'Aptrror.

258 2935 376 3032 Αγμοὶ
394 2945 506 3030 steph.
524 2939 705 3033 ἱαὌαξοι.
733 2948 812 3011 Eur.
830 2963 905 3032 554.

215 3053 419 3147 Ἀγναιώτης
436 3084 465 3124 ν.
485 3061 599 3145 Eurip.
620 3063 726 3126 Schol.
745 3085 777 3147 p.
796 3083 866 3130 120.

207 3168 404 3262 Ἀγναπτοι
423 3171 588 3252 πολέμιοι.

210 3285 409 3376 Ἀγναπτον
425 3284 569 3369 ἱμάτιον,
587 3288 642 3356 οὐκ
659 3287 869 3379 ἐγναμμένον.
1267 3329 1283 3364 2
1286 3323 1303 3386 5

215 3393 330 3490 Ἀγνεῖ
363 3404 411 3492 [in
438 3407 477 3470 al.
506 3429 554 3470 ex.
582 3399 711 3492 Ἀγνεῖ.
739 3398 870 3492 Ἀγινεῐ
894 3416 926 3470 et
952 3399 1108 3491 Ἀγινεῖν.
1142 3407 1198 3468 sed
1225 3428 1256 3469 v.

251 3514 407 3608 ’‘Aper]

212 3627 365 3720 Ἀγνεῖον
382 3639 535 3721 πηγαῖον.
576 3637 612 3698 F.
630 3630 777 3720 Ἀγνεών
802 3641 962 3725 πορνεῖον.
987 3636 1035 3714 ita
1060 3635 1146 3699 enim
1172 3625 1257 3722 Lydi

261 3750 427 3814 vocabant.
454 3751 548 3813 Eust.
571 3752 662 3828 1082,
676 3771 728 3836 33.
750 3747 907 3839 [=1108,
922 3743 995 3836 45.]
1203 3747 1207 3756 ’

128 3949 131 3957 λ
205 3857 376 3950 Ἀγνὶθες.
402 3889 432 3929 V.
452 3859 652 3951 Ἀγνῦστας.
1266 3903 1305 3958 30

212 3971 372 4071 ’ᾼγνοῖας
388 3970 539 4063 corrupte
555 4001 615 4064 pro
632 3972 795 4064 Ἀγνείας.

211 4084 380 4178 Ἀγνῖσαι.
394 4087 570 4157 ἀποθῦσαι.
583 4086 763 4183 Εὖρὶπῖδης
773 4087 956 4184 Βουσίριδι.
968 4117 997 4158 ν.
1010 4087 1256 4184 Ἀτρεκήσασα.

217 4202 238 4245 *
251 4199 502 4298 Ἀγνιστῆριον.
530 4209 676 4292 Lycoph.
695 4230 725 4270 v.
748 4223 818 4293 135.

212 4311 371 4406 Ἀγνίτης
383 4369 390 4383 .
404 4369 411 4384 .
426 4316 492 4385 ,toa
511 4315 633 4411 ἱερῖτας
655 4318 702 4407 [in
721 4322 760 4384 al.
780 4317 828 4384 ex.
845 4311 1016 4408 Ἀγνῖτης.
1035 4319 1067 4386 οἱ.
1085 4312 1237 4403 μύστης]
1368 4392 1375 4400 ,
