3140 5054
292 366 349 432 xiv

290 533 415 620 torique
430 535 606 622 ejusmodi:
628 538 723 607 simul
737 551 842 606 autem
859 542 1007 608 universa
1021 541 1135 608 horum
1150 565 1254 608 nemo.
1282 543 1390 615 Quare

290 635 512 722 Diogenianus
534 641 676 729 quidam,
691 643 747 728 qui
769 656 841 728 post
858 665 911 708 eos
933 645 1015 710 vixit
1036 645 1086 710 vir
1108 645 1268 711 studiosus
1290 646 1391 712 virtu·

289 741 394 828 tisque
416 767 535 825 amans,
563 769 637 813 cum
661 759 696 812 et
717 747 814 814 libros
838 748 1010 813 antedictos
1032 759 1065 814 et
1086 771 1179 815 voces
1199 749 1296 814 etiam
1318 748 1390 812 uni-

289 867 396 910 versas
427 848 559 934 sparsim
583 850 670 934 apud
695 873 804 914 ornnes
832 861 977 916 extantes
1007 850 1186 936 collegisset
1214 851 1390 914 secundum

290 949 435 1014 ordinem
457 951 555 1018 literoe
578 953 733 1040 cujusque
751 952 917 1035 disposuit,
932 975 1024 1018 voces
1046 953 1176 1038 inquam
1201 953 1388 1018 Homericos

290 1062 323 1116 et
338 1052 482 1120 Comicae
498 1064 530 1118 et
545 1054 692 1139 Tragicos
705 1066 740 1120 et
752 1075 826 1142 quae
841 1055 927 1140 apud
942 1053 1074 1139 Lyricos
1090 1066 1122 1118 et
1137 1056 1222 1138 apud
1232 1055 1388 1119 Rhetoras

289 1153 353 1222 imo
374 1167 407 1220 et
426 1179 498 1242 quae
518 1158 605 1240 apud
621 1157 766 1224 Medicos
786 1179 922 1244 quaeque
941 1157 1027 1242 apud
1042 1155 1325 1242 Historiographos
1340 1157 1388 1222 in·

288 1257 474 1335 veniuntur,
488 1258 662 1324 universim
684 1260 816 1346 quidem
831 1281 940 1324 vocem
963 1258 1084 1324 nullam
1103 1269 1159 1322 sut
1172 1269 1316 1322 veterum
1333 1269 1389 1322 aut

287 1357 351 1422 sibi
365 1371 596 1430 maetaneorum
609 1374 766 1451 quantum
779 1362 897 1426 scimus
911 1361 1120 1444 pretermisit.
1144 1359 1235 1433 Quin
1249 1372 1282 1424 ot
1295 1359 1387 1424 initio

287 1461 443 1548 cujusque
468 1465 554 1530 vocis
577 1464 674 1532 trium
704 1475 759 1528 aut
783 1476 919 1553 quatuor
943 1463 1107 1529 literarum
1135 1463 1281 1527 ordinem
1309 1484 1388 1546 prn-

287 1564 405 1648 posuit,
420 1577 457 1629 ut
474 1566 530 1650 qui
552 1566 649 1632 libros
670 1568 738 1654 ejus
752 1567 861 1651 legere
876 1564 1013 1630 voluerit
1026 1587 1137 1630 vocem
1157 1565 1331 1650 quamlibet
1348 1587 1387 1629 eo

287 1676 380 1753 pacto
404 1666 528 1734 facilius
556 1669 710 1738 inveniat.
746 1669 797 1737 Ac
826 1679 979 1752 praterea
1007 1678 1213 1756 quotcunque
1241 1667 1385 1733 invenire

287 1768 394 1851 potuit
413 1770 584 1854 proverbia
604 1771 691 1840 haud
712 1771 828 1836 omisit.
873 1771 987 1840 Libros
1012 1769 1097 1854 ipsos
1119 1771 1386 1854 repsrpyortmrus

287 1872 497 1955 nuncupavit,
510 1884 545 1938 et
566 1874 742 1938 secundum
764 1871 893 1938 titulum
915 1871 1056 1938 animum
1074 1872 1221 1940 intendit.
1266 1873 1389 1956 Existi-¹

287 1973 387 2040 mavit
407 1976 502 2054 enim,
519 1977 643 2059 opinor,
666 1997 731 2040 non
745 1985 870 2040 tantum
889 1974 1041 2042 divitibus
1062 1975 1119 2043 sed
1139 1985 1171 2040 et
1192 1976 1386 2060 pauperibus

287 2076 481 2159 profuturos,
498 2090 530 2143 et
551 2087 782 2162 preceptorum
805 2077 874 2146 loco
894 2076 1030 2154 futuros,
1051 2076 1079 2142 si
1099 2078 1194 2143 modo
1216 2077 1386 2164 diligenter

286 2178 372 2268 ipsos
396 2180 580 2248 evolverent
601 2201 721 2266 eosque
742 2191 828 2245 recte
852 2189 1012 2265 caperent.
1056 2178 1129 2264 Ego
1157 2179 1256 2265 igitur
1280 2181 1386 2248 virum

287 2281 383 2348 laudo
407 2282 448 2348 ob
472 2282 658 2370 praclarum
682 2282 823 2349 studium
849 2293 945 2368 atque
969 2281 1169 2360 industriam,
1193 2284 1280 2367 quod
1305 2306 1385 2367 opus

287 2384 488 2449 utilissimum
512 2407 548 2448 ac
569 2383 739 2469 philologis
764 2384 804 2450 ad
825 2382 988 2450 literarum
1011 2384 1174 2450 scientiam
1201 2386 1385 2474 adjumento

286 2486 430 2556 futurum
450 2486 602 2552 exhibere
617 2486 808 2562 instituerit3
824 2485 939 2554 vellem
957 2497 1062 2552 eutem
1078 2509 1183 2572 neque
1202 2488 1385 2570 proverbio-

286 2611 358 2658 rum
373 2589 526 2676 pleraque
540 2589 627 2653 nude
643 2600 675 2652 et
689 2589 758 2652 sine
769 2599 956 2674 argumento
967 2600 999 2654 et
1010 2589 1208 2674 expositione
1218 2589 1385 2675 posuisset,

286 2713 392 2776 neque
402 2713 495 2755 voces
510 2690 622 2755 dubias
637 2691 766 2758 nomina
780 2713 890 2756 eorum
902 2691 959 2775 qui
972 2690 1014 2760 iis¹
1023 2691 1073 2756 usi
1087 2702 1173 2770 sunt,
1184 2703 1217 2755 et
1229 2692 1383 2758 librorum

286 2793 321 2860 in
344 2794 461 2881 quibus
485 2803 679 2876 usurpantur
705 2791 814 2856 titulos
837 2815 902 2858 non
925 2791 1091 2872 habentes,
1114 2815 1220 2878 neque
1243 2793 1383 2860 diversas

284 2919 397 2962 eanum
414 2894 660 2982 significationes
678 2893 880 2978 prseteriisset
895 2904 927 2960 et
942 2895 1090 2960 obscuras
1105 2895 1294 2980 reliquisset,
1310 2919 1383 2962 cum

282 2995 461 3079 oportuerit
475 2994 608 3062 diverso
629 2993 786 3079 cujusque
806 2993 1044 3079 significationis
1064 2993 1249 3080 exemplum
1258 3016 1282 3060 a
1295 3015 1384 3060 men·

284 3100 373 3170 tione
387 3121 497 3164 eorum
511 3096 569 3182 qui
582 3095 632 3162 usi
646 3106 722 3162 sunt
735 3095 879 3179 prebere
893 3097 1022 3140 *W*

335 3203 472 3284 [Cratera
497 3221 559 3263 noa
582 3198 709 3264 addidit
731 3198 770 3262 cl.
787 3199 829 3268 P.
855 3211 887 3262 0⁶
910 3220 982 3288 que
1004 3197 1134 3268 alteriue
1154 3199 1272 3283 amerit
1293 3198 1383 3264 can.

373 3305 455 3369 Post
476 3304 647 3368 Genucium
669 3300 792 3390 reliquo
816 3299 981 3386 atonifesto
1002 3307 1150 3388 surrupta
1171 3299 1218 3365 sic
1240 3306 1276 3364 ut
1289 3299 1384 3386 potui

372 3407 451 3474 vett
468 3405 525 3472 Tb.
540 3404 643 3490 Gula]

329 3509 481 3599 Denique
507 3505 627 3573 absolvi
655 3526 790 3588 pensum
820 3505 989 3593 (quantum
1011 3505 1142 3594 quidem
1167 3502 1306 3566 humano
1334 3501 1383 3567 in·

284 3613 380 3702 genio
400 3610 543 3674 valebam
558 3606 709 3697 assequi)
728 3617 762 3674 et
783 3605 848 3674 fine
864 3606 895 3670 ei
915 3606 1062 3693 imposito
1087 3605 1163 3689 (nisi
1184 3604 1266 3670 forte
1286 3602 1382 3669 dictio

285 3717 392 3802 aliqua
418 3723 473 3781 aut
498 3733 563 3774 non
586 3710 720 3777 obscura
742 3719 797 3774 aut
819 3708 924 3774 minus
949 3709 1125 3774 necessaria
1146 3706 1263 3773 alicubi
1284 3706 1383 3772 fuerit

284 3815 457 3902 preterita)
470 3812 545 3879 misi
558 3811 641 3878 illud
655 3811 696 3875 ad
712 3809 992 3898 incomparabilem
1012 3821 1101 3877 tuum
1117 3809 1311 3875 charitatem.
1336 3809 1382 3872 Et

284 3943 379 4004 spero
401 3940 468 3985 rem
483 3913 543 3980 tibi
563 3913 631 3978 fore
644 3935 711 3982 non
725 3913 893 3998 ingratam
906 3911 1025 3998 majora
1039 3912 1167 3980 interim
1184 3935 1204 3976 a
1216 3933 1268 3975 me
1283 3933 1382 3996 quan·

286 4045 383 4110 quam
397 4017 586 4106 promeritus
601 4015 711 4081 fueris.
756 4015 865 4080 Deum
887 4037 1080 4100 comprecor,
1094 4026 1132 4084 ut
1152 4014 1211 4080 tibi
1225 4013 1335 4101 sospiti
1349 4023 1382 4077 et

285 4128 367 4192 bene
383 4120 501 4188 valenti
516 4118 668 4204 largiatur
682 4117 743 4182 hoc
758 4128 866 4185 nostro
883 4115 947 4180 frui
960 4115 1055 4182 libro.

328 4227 463 4310 Oportet
489 4221 568 4286 scire
593 4243 666 4286 eum
692 4221 749 4305 qui
775 4219 889 4306 quaerit
912 4220 1083 4284 dictionem
1108 4218 1245 4304 aliquam
1267 4216 1301 4284 in
1321 4215 1382 4280 hoc

285 4327 418 4404 Lexico,
432 4323 589 4412 siquidem
613 4321 710 4386 dictio
742 4321 913 4404 composita
936 4321 987 4399 sit,
1013 4343 1084 4406 quae
1110 4318 1272 4406 quaeritur,
1298 4339 1381 4400 soepe

284 4427 488 4498 dividendam
517 4445 588 4488 eam
608 4445 675 4487 esse
699 4423 733 4486 in
758 4434 862 4505 partes
888 4445 930 4486 ex
959 4422 1077 4506 quibus
1102 4421 1314 4504 componitur,
1338 4417 1383 4483 ita

281 4530 462 4608 invenietur
479 4527 622 4613 ejusdem
642 4523 860 4612 interpretatio
882 4524 916 4588 in
938 4523 1037 4589 literis
1054 4522 1229 4589 initialibus
1252 4520 1381 4588 alterius
