<?xml version="1.0" encoding="UTF-8"?>
<!DOCTYPE html PUBLIC "-//W3C//DTD XHTML 1.0 Transitional//EN"
    "http://www.w3.org/TR/xhtml1/DTD/xhtml1-transitional.dtd">
<html xmlns="http://www.w3.org/1999/xhtml" xml:lang="en" lang="en">
 <head>
  <title>
</title>
<meta http-equiv="Content-Type" content="text/html;charset=utf-8" />
  <meta name='ocr-system' content='tesseract 3.04.00' />
  <meta name='ocr-capabilities' content='ocr_page ocr_carea ocr_par ocr_line ocrx_word'/>
</head>
<body>
  <div class='ocr_page' id='page_1' title='image "./adversariahesyc00peargoog_0185.png"; bbox 0 0 3200 5058; ppageno 0'>
   <div class='ocr_carea' id='block_1_1' title="bbox 316 420 1014 487">
    <p class='ocr_par' dir='ltr' id='par_1_1' title="bbox 316 420 1014 487">
     <span class='ocr_line' id='line_1_1' title="bbox 316 420 1014 487; baseline -0.003 -1"><span class='ocrx_word' id='word_1_1' title='bbox 316 425 380 487; x_wconf 69' lang='lat'>142</span> <span class='ocrx_word' id='word_1_2' title='bbox 660 420 1014 486; x_wconf 82' lang='lat' dir='ltr'><strong>ADVERSARIA</strong></span> 
     </span>
    </p>
   </div>
   <div class='ocr_carea' id='block_1_2' title="bbox 311 583 1479 3925">
    <p class='ocr_par' dir='ltr' id='par_1_2' title="bbox 311 583 1479 3925">
     <span class='ocr_line' id='line_1_2' title="bbox 365 583 1360 676; baseline -0.003 -20"><span class='ocrx_word' id='word_1_3' title='bbox 365 583 481 674; x_wconf 76' lang='grc' dir='ltr'>βάδιος</span> <span class='ocrx_word' id='word_1_4' title='bbox 498 584 572 661; x_wconf 80' lang='grc' dir='ltr'>υἱός.</span> <span class='ocrx_word' id='word_1_5' title='bbox 616 590 737 654; x_wconf 90' lang='lat' dir='ltr'>Verum</span> <span class='ocrx_word' id='word_1_6' title='bbox 762 613 836 654; x_wconf 89' lang='lat' dir='ltr'>cum</span> <span class='ocrx_word' id='word_1_7' title='bbox 863 592 950 675; x_wconf 88' lang='lat' dir='ltr'>apud</span> <span class='ocrx_word' id='word_1_8' title='bbox 977 591 1078 676; x_wconf 85' lang='lat' dir='ltr'>Hesy.</span> <span class='ocrx_word' id='word_1_9' title='bbox 1096 589 1182 654; x_wconf 88' lang='lat' dir='ltr'>Eud.</span> <span class='ocrx_word' id='word_1_10' title='bbox 1200 598 1233 655; x_wconf 89' lang='lat' dir='ltr'>et</span> <span class='ocrx_word' id='word_1_11' title='bbox 1250 589 1360 676; x_wconf 89' lang='lat' dir='ltr'>Cyrill.</span> 
     </span>
     <span class='ocr_line' id='line_1_3' title="bbox 365 698 1361 793; baseline -0.003 -21"><span class='ocrx_word' id='word_1_12' title='bbox 365 731 430 772; x_wconf 93' lang='lat' dir='ltr'>non</span> <span class='ocrx_word' id='word_1_13' title='bbox 458 707 589 771; x_wconf 91' lang='lat' dir='ltr'>omnino</span> <span class='ocrx_word' id='word_1_14' title='bbox 618 707 779 793; x_wconf 86' lang='lat' dir='ltr'>praecedat</span> <span class='ocrx_word' id='word_1_15' title='bbox 805 698 985 784; x_wconf 75' lang='lat' dir='ltr'>dethhoe,</span> <span class='ocrx_word' id='word_1_16' title='bbox 1015 707 1141 770; x_wconf 88' lang='lat' dir='ltr'>videtur</span> <span class='ocrx_word' id='word_1_17' title='bbox 1166 706 1220 770; x_wconf 90' lang='lat' dir='ltr'>illa</span> <span class='ocrx_word' id='word_1_18' title='bbox 1252 707 1361 792; x_wconf 87' lang='lat' dir='ltr'>potius</span> 
     </span>
     <span class='ocr_line' id='line_1_4' title="bbox 366 821 1360 907; baseline -0.002 -20"><span class='ocrx_word' id='word_1_19' title='bbox 366 824 474 888; x_wconf 84' lang='lat' dir='ltr'>Suidae</span> <span class='ocrx_word' id='word_1_20' title='bbox 510 845 579 887; x_wconf 87' lang='lat' dir='ltr'>esse</span> <span class='ocrx_word' id='word_1_21' title='bbox 608 845 671 888; x_wconf 84' lang='lat' dir='ltr'>vox</span> <span class='ocrx_word' id='word_1_22' title='bbox 704 823 853 902; x_wconf 87' lang='lat' dir='ltr'>solitaria,</span> <span class='ocrx_word' id='word_1_23' title='bbox 888 823 956 887; x_wconf 93' lang='lat' dir='ltr'>sine</span> <span class='ocrx_word' id='word_1_24' title='bbox 991 823 1058 885; x_wconf 84' lang='lat' dir='ltr'>ulla</span> <span class='ocrx_word' id='word_1_25' title='bbox 1088 821 1360 907; x_wconf 78' lang='lat' dir='ltr'>interpretatione,</span> 
     </span>
     <span class='ocr_line' id='line_1_5' title="bbox 364 939 1359 1025; baseline -0.001 -22"><span class='ocrx_word' id='word_1_26' title='bbox 364 941 474 1024; x_wconf 86' lang='lat' dir='ltr'>quales</span> <span class='ocrx_word' id='word_1_27' title='bbox 517 948 593 1003; x_wconf 90' lang='lat' dir='ltr'>sunt</span> <span class='ocrx_word' id='word_1_28' title='bbox 631 941 718 1025; x_wconf 86' lang='lat' dir='ltr'>apud</span> <span class='ocrx_word' id='word_1_29' title='bbox 756 962 830 1004; x_wconf 92' lang='lat' dir='ltr'>eum</span> <span class='ocrx_word' id='word_1_30' title='bbox 869 939 1130 1024; x_wconf 85' lang='lat' dir='ltr'>lexicographum</span> <span class='ocrx_word' id='word_1_31' title='bbox 1167 939 1359 1022; x_wconf 83' lang='lat' dir='ltr'><strong>complures.</strong></span> 
     </span>
     <span class='ocr_line' id='line_1_6' title="bbox 367 1045 1385 1143; baseline 0.002 -22"><span class='ocrx_word' id='word_1_32' title='bbox 367 1055 457 1122; x_wconf 76' lang='lat' dir='ltr'>Quid</span> <span class='ocrx_word' id='word_1_33' title='bbox 473 1055 572 1140; x_wconf 86' lang='lat' dir='ltr'>igitur</span> <span class='ocrx_word' id='word_1_34' title='bbox 599 1055 626 1120; x_wconf 91' lang='lat' dir='ltr'>si</span> <span class='ocrx_word' id='word_1_35' title='bbox 653 1057 741 1143; x_wconf 88' lang='lat' dir='ltr'>apud</span> <span class='ocrx_word' id='word_1_36' title='bbox 762 1063 910 1120; x_wconf 89' lang='lat' dir='ltr'>nostrum</span> <span class='ocrx_word' id='word_1_37' title='bbox 936 1055 1031 1118; x_wconf 87' lang='lat' dir='ltr'>etiam</span> <span class='ocrx_word' id='word_1_38' title='bbox 1053 1055 1209 1140; x_wconf 85' lang='lat' dir='ltr'>legamus,</span> <span class='ocrx_word' id='word_1_39' title='bbox 1226 1045 1385 1129; x_wconf 75' lang='lat' dir='ltr'>decos‚5</span> 
     </span>
     <span class='ocr_line' id='line_1_7' title="bbox 364 1166 1360 1257; baseline -0.001 -22"><span class='ocrx_word' id='word_1_40' title='bbox 364 1166 450 1242; x_wconf 72' lang='lat' dir='ltr'>vide?</span> <span class='ocrx_word' id='word_1_41' title='bbox 487 1173 527 1235; x_wconf 93' lang='lat' dir='ltr'>ld</span> <span class='ocrx_word' id='word_1_42' title='bbox 543 1171 674 1236; x_wconf 92' lang='lat' dir='ltr'>omnino</span> <span class='ocrx_word' id='word_1_43' title='bbox 691 1172 858 1257; x_wconf 84' lang='lat' dir='ltr'>postulant</span> <span class='ocrx_word' id='word_1_44' title='bbox 874 1193 947 1255; x_wconf 88' lang='lat' dir='ltr'>quae</span> <span class='ocrx_word' id='word_1_45' title='bbox 965 1172 1053 1256; x_wconf 84' lang='lat' dir='ltr'>apud</span> <span class='ocrx_word' id='word_1_46' title='bbox 1070 1171 1202 1234; x_wconf 87' lang='lat' dir='ltr'>Suidam</span> <span class='ocrx_word' id='word_1_47' title='bbox 1220 1193 1360 1256; x_wconf 90' lang='lat' dir='ltr'>sequun-</span> 
     </span>
     <span class='ocr_line' id='line_1_8' title="bbox 363 1277 1358 1362; baseline 0.002 -14"><span class='ocrx_word' id='word_1_48' title='bbox 363 1293 436 1349; x_wconf 80' lang='lat' dir='ltr'>tur:</span> <span class='ocrx_word' id='word_1_49' title='bbox 462 1286 508 1350; x_wconf 80' lang='lat' dir='ltr'>ita</span> <span class='ocrx_word' id='word_1_50' title='bbox 533 1286 618 1351; x_wconf 90' lang='lat' dir='ltr'>enim</span> <span class='ocrx_word' id='word_1_51' title='bbox 643 1287 715 1352; x_wconf 83' lang='lat' dir='ltr'>ille:</span> <span class='ocrx_word' id='word_1_52' title='bbox 750 1277 931 1356; x_wconf 74' lang='grc' dir='ltr'>Βάδιλλος.</span> <span class='ocrx_word' id='word_1_53' title='bbox 962 1277 1095 1362; x_wconf 67' lang='lat' dir='ltr'>Editor,</span> <span class='ocrx_word' id='word_1_54' title='bbox 1113 1278 1188 1352; x_wconf 82' lang='grc' dir='ltr'>υἱός.</span> <span class='ocrx_word' id='word_1_55' title='bbox 1213 1280 1358 1361; x_wconf 76' lang='grc' dir='ltr'>σημαίνει</span> 
     </span>
     <span class='ocr_line' id='line_1_9' title="bbox 364 1391 1360 1491; baseline 0 -27"><span class='ocrx_word' id='word_1_56' title='bbox 364 1393 399 1464; x_wconf 78' lang='grc' dir='ltr'>δὲ</span> <span class='ocrx_word' id='word_1_57' title='bbox 425 1395 477 1464; x_wconf 80' lang='grc' dir='ltr'>καὶ</span> <span class='ocrx_word' id='word_1_58' title='bbox 504 1397 611 1466; x_wconf 76' lang='grc' dir='ltr'>ἵππου</span> <span class='ocrx_word' id='word_1_59' title='bbox 639 1392 767 1491; x_wconf 78' lang='grc' dir='ltr'>χροιάν.</span> <span class='ocrx_word' id='word_1_60' title='bbox 803 1401 849 1465; x_wconf 85' lang='lat' dir='ltr'>At</span> <span class='ocrx_word' id='word_1_61' title='bbox 875 1424 941 1465; x_wconf 93' lang='lat' dir='ltr'>non</span> <span class='ocrx_word' id='word_1_62' title='bbox 965 1392 1133 1471; x_wconf 77' lang='lat' dir='ltr'>derhhoe</span> <span class='ocrx_word' id='word_1_63' title='bbox 1159 1401 1216 1464; x_wconf 86' lang='lat' dir='ltr'>sed</span> <span class='ocrx_word' id='word_1_64' title='bbox 1237 1391 1360 1470; x_wconf 76' lang='grc' dir='ltr'>Βάὸιος</span> 
     </span>
     <span class='ocr_line' id='line_1_10' title="bbox 364 1515 1358 1602; baseline -0.004 -19"><span class='ocrx_word' id='word_1_65' title='bbox 364 1517 502 1583; x_wconf 92' lang='lat' dir='ltr'>colorem</span> <span class='ocrx_word' id='word_1_66' title='bbox 519 1517 594 1602; x_wconf 90' lang='lat' dir='ltr'>equi</span> <span class='ocrx_word' id='word_1_67' title='bbox 611 1517 781 1602; x_wconf 83' lang='lat' dir='ltr'>significat,</span> <span class='ocrx_word' id='word_1_68' title='bbox 800 1540 856 1581; x_wconf 87' lang='lat' dir='ltr'>seu</span> <span class='ocrx_word' id='word_1_69' title='bbox 875 1515 983 1602; x_wconf 92' lang='lat' dir='ltr'>potius</span> <span class='ocrx_word' id='word_1_70' title='bbox 1000 1538 1119 1601; x_wconf 90' lang='lat' dir='ltr'>equum</span> <span class='ocrx_word' id='word_1_71' title='bbox 1136 1515 1214 1580; x_wconf 91' lang='lat' dir='ltr'>certi</span> <span class='ocrx_word' id='word_1_72' title='bbox 1234 1515 1358 1592; x_wconf 90' lang='lat' dir='ltr'>coloris,</span> 
     </span>
     <span class='ocr_line' id='line_1_11' title="bbox 364 1623 1407 1720; baseline 0.002 -24"><span class='ocrx_word' id='word_1_73' title='bbox 364 1633 485 1697; x_wconf 84' lang='lat' dir='ltr'>scilicet</span> <span class='ocrx_word' id='word_1_74' title='bbox 509 1634 671 1718; x_wconf 90' lang='lat' dir='ltr'>phoenicii.</span> <span class='ocrx_word' id='word_1_75' title='bbox 698 1627 775 1715; x_wconf 76' lang='grc' dir='ltr'>βαΐς</span> <span class='ocrx_word' id='word_1_76' title='bbox 792 1634 877 1698; x_wconf 91' lang='lat' dir='ltr'>enim</span> <span class='ocrx_word' id='word_1_77' title='bbox 899 1655 1008 1697; x_wconf 85' lang='lat' dir='ltr'>ramus</span> <span class='ocrx_word' id='word_1_78' title='bbox 1031 1641 1089 1708; x_wconf 91' lang='lat' dir='ltr'>est,</span> <span class='ocrx_word' id='word_1_79' title='bbox 1107 1639 1145 1696; x_wconf 90' lang='lat' dir='ltr'>ut</span> <span class='ocrx_word' id='word_1_80' title='bbox 1170 1640 1203 1696; x_wconf 89' lang='lat' dir='ltr'>et</span> <span class='ocrx_word' id='word_1_81' title='bbox 1222 1623 1356 1720; x_wconf 79' lang='grc' dir='ltr'><em>σπάδιξ,</em></span> <span class='ocrx_word' id='word_1_82' title='bbox 1370 1659 1407 1698; x_wconf 87' lang='grc' dir='ltr'>ιο</span> 
     </span>
     <span class='ocr_line' id='line_1_12' title="bbox 363 1741 1359 1834; baseline 0 -22"><span class='ocrx_word' id='word_1_83' title='bbox 363 1749 450 1812; x_wconf 90' lang='lat' dir='ltr'>unde</span> <span class='ocrx_word' id='word_1_84' title='bbox 467 1741 595 1830; x_wconf 75' lang='grc' dir='ltr'>βαΐδιος</span> <span class='ocrx_word' id='word_1_85' title='bbox 612 1757 645 1813; x_wconf 88' lang='lat' dir='ltr'>ct</span> <span class='ocrx_word' id='word_1_86' title='bbox 660 1742 776 1831; x_wconf 75' lang='grc' dir='ltr'>βάδιος</span> <span class='ocrx_word' id='word_1_87' title='bbox 793 1750 879 1814; x_wconf 89' lang='lat' dir='ltr'>idem</span> <span class='ocrx_word' id='word_1_88' title='bbox 896 1749 953 1833; x_wconf 93' lang='lat' dir='ltr'>qui</span> <span class='ocrx_word' id='word_1_89' title='bbox 970 1749 1093 1834; x_wconf 83' lang='lat' dir='ltr'><strong>spadix.</strong></span> <span class='ocrx_word' id='word_1_90' title='bbox 1146 1748 1254 1814; x_wconf 75' lang='lat' dir='ltr'>Quare</span> <span class='ocrx_word' id='word_1_91' title='bbox 1276 1747 1359 1812; x_wconf 87' lang='lat' dir='ltr'>inter</span> 
     </span>
     <span class='ocr_line' id='line_1_13' title="bbox 363 1864 1359 1948; baseline 0 -20"><span class='ocrx_word' id='word_1_92' title='bbox 363 1886 463 1948; x_wconf 91' lang='lat' dir='ltr'>equos</span> <span class='ocrx_word' id='word_1_93' title='bbox 480 1864 636 1928; x_wconf 81' lang='lat' dir='ltr'><strong>circenses</strong></span> <span class='ocrx_word' id='word_1_94' title='bbox 653 1874 841 1930; x_wconf 90' lang='lat' dir='ltr'>numeratur</span> <span class='ocrx_word' id='word_1_95' title='bbox 857 1867 989 1944; x_wconf 80' lang='lat' dir='ltr'>Badius,</span> <span class='ocrx_word' id='word_1_96' title='bbox 1006 1874 1039 1929; x_wconf 89' lang='lat' dir='ltr'>et</span> <span class='ocrx_word' id='word_1_97' title='bbox 1058 1864 1166 1930; x_wconf 88' lang='lat' dir='ltr'>Gloss.</span> <span class='ocrx_word' id='word_1_98' title='bbox 1184 1865 1259 1928; x_wconf 87' lang='lat' dir='ltr'>Vct.</span> <span class='ocrx_word' id='word_1_99' title='bbox 1292 1866 1359 1928; x_wconf 86' lang='lat' dir='ltr'>Bo·</span> 
     </span>
     <span class='ocr_line' id='line_1_14' title="bbox 364 1973 1357 2070; baseline 0.001 -27"><span class='ocrx_word' id='word_1_100' title='bbox 364 1983 435 2044; x_wconf 82' lang='lat' dir='ltr'>dius</span> <span class='ocrx_word' id='word_1_101' title='bbox 463 1973 687 2070; x_wconf 81' lang='grc' dir='ltr'>χελιδονιαῖος.</span> <span class='ocrx_word' id='word_1_102' title='bbox 736 1982 821 2046; x_wconf 87' lang='lat' dir='ltr'>Cum</span> <span class='ocrx_word' id='word_1_103' title='bbox 846 1982 945 2068; x_wconf 87' lang='lat' dir='ltr'>igitur</span> <span class='ocrx_word' id='word_1_104' title='bbox 971 1981 1057 2046; x_wconf 91' lang='lat' dir='ltr'>idem</span> <span class='ocrx_word' id='word_1_105' title='bbox 1081 1981 1272 2045; x_wconf 85' lang='lat' dir='ltr'>vocabulum</span> <span class='ocrx_word' id='word_1_106' title='bbox 1302 2003 1357 2046; x_wconf 86' lang='lat' dir='ltr'>au-</span> 
     </span>
     <span class='ocr_line' id='line_1_15' title="bbox 362 2095 1357 2182; baseline 0.001 -24"><span class='ocrx_word' id='word_1_107' title='bbox 362 2097 454 2159; x_wconf 88' lang='lat' dir='ltr'>thore</span> <span class='ocrx_word' id='word_1_108' title='bbox 477 2095 577 2159; x_wconf 81' lang='lat' dir='ltr'>Suida</span> <span class='ocrx_word' id='word_1_109' title='bbox 599 2103 631 2159; x_wconf 88' lang='lat' dir='ltr'>et</span> <span class='ocrx_word' id='word_1_110' title='bbox 643 2099 750 2179; x_wconf 80' lang='lat' dir='ltr'>filium</span> <span class='ocrx_word' id='word_1_111' title='bbox 774 2097 943 2182; x_wconf 85' lang='lat' dir='ltr'>significet,</span> <span class='ocrx_word' id='word_1_112' title='bbox 966 2105 999 2161; x_wconf 89' lang='lat' dir='ltr'>et</span> <span class='ocrx_word' id='word_1_113' title='bbox 1024 2117 1134 2180; x_wconf 81' lang='lat' dir='ltr'>equum</span> <span class='ocrx_word' id='word_1_114' title='bbox 1156 2099 1357 2179; x_wconf 74' lang='lat' dir='ltr'>phenicium,</span> 
     </span>
     <span class='ocr_line' id='line_1_16' title="bbox 362 2203 1403 2300; baseline 0.008 -25"><span class='ocrx_word' id='word_1_115' title='bbox 362 2234 465 2296; x_wconf 87' lang='lat' dir='ltr'>equus</span> <span class='ocrx_word' id='word_1_116' title='bbox 491 2221 598 2276; x_wconf 86' lang='lat' dir='ltr'>autem</span> <span class='ocrx_word' id='word_1_117' title='bbox 623 2212 721 2298; x_wconf 92' lang='lat' dir='ltr'>hujus</span> <span class='ocrx_word' id='word_1_118' title='bbox 743 2213 857 2277; x_wconf 88' lang='lat' dir='ltr'>coloris</span> <span class='ocrx_word' id='word_1_119' title='bbox 883 2236 949 2278; x_wconf 93' lang='lat' dir='ltr'>non</span> <span class='ocrx_word' id='word_1_120' title='bbox 974 2203 1139 2294; x_wconf 75' lang='grc' dir='ltr'>βάδιλλος</span> <span class='ocrx_word' id='word_1_121' title='bbox 1164 2212 1221 2277; x_wconf 87' lang='lat' dir='ltr'>sed</span> <span class='ocrx_word' id='word_1_122' title='bbox 1241 2204 1381 2294; x_wconf 74' lang='grc' dir='ltr'>βάδιοςι</span> <span class='ocrx_word' id='word_1_123' title='bbox 1387 2239 1403 2300; x_wconf 84' lang='lat'>5</span> 
     </span>
     <span class='ocr_line' id='line_1_17' title="bbox 363 2327 1356 2413; baseline 0 -23"><span class='ocrx_word' id='word_1_124' title='bbox 363 2327 556 2403; x_wconf 89' lang='lat' dir='ltr'>nominetur,</span> <span class='ocrx_word' id='word_1_125' title='bbox 578 2337 617 2391; x_wconf 86' lang='lat' dir='ltr'>ut</span> <span class='ocrx_word' id='word_1_126' title='bbox 638 2327 726 2413; x_wconf 89' lang='lat' dir='ltr'>apud</span> <span class='ocrx_word' id='word_1_127' title='bbox 750 2328 842 2392; x_wconf 92' lang='lat' dir='ltr'>illum</span> <span class='ocrx_word' id='word_1_128' title='bbox 864 2350 1005 2408; x_wconf 85' lang='lat' dir='ltr'>necesse,</span> <span class='ocrx_word' id='word_1_129' title='bbox 1027 2327 1073 2391; x_wconf 86' lang='lat' dir='ltr'>ita</span> <span class='ocrx_word' id='word_1_130' title='bbox 1096 2328 1184 2412; x_wconf 83' lang='lat' dir='ltr'>apud</span> <span class='ocrx_word' id='word_1_131' title='bbox 1209 2335 1356 2390; x_wconf 91' lang='lat' dir='ltr'>nostrum</span> 
     </span>
     <span class='ocr_line' id='line_1_18' title="bbox 362 2433 1357 2529; baseline -0.001 -22"><span class='ocrx_word' id='word_1_132' title='bbox 362 2465 421 2528; x_wconf 88' lang='lat' dir='ltr'>par</span> <span class='ocrx_word' id='word_1_133' title='bbox 445 2452 495 2507; x_wconf 84' lang='lat' dir='ltr'>est</span> <span class='ocrx_word' id='word_1_134' title='bbox 515 2444 630 2529; x_wconf 86' lang='lat' dir='ltr'>legere,</span> <span class='ocrx_word' id='word_1_135' title='bbox 648 2435 780 2521; x_wconf 74' lang='lat' dir='ltr'>Boidcoc,</span> <span class='ocrx_word' id='word_1_136' title='bbox 797 2438 871 2514; x_wconf 83' lang='grc' dir='ltr'>υἱός.</span> <span class='ocrx_word' id='word_1_137' title='bbox 919 2444 993 2510; x_wconf 75' lang='lat' dir='ltr'>Qua</span> <span class='ocrx_word' id='word_1_138' title='bbox 1017 2451 1126 2507; x_wconf 85' lang='lat' dir='ltr'>autem</span> <span class='ocrx_word' id='word_1_139' title='bbox 1151 2442 1261 2527; x_wconf 86' lang='lat' dir='ltr'>lingua</span> <span class='ocrx_word' id='word_1_140' title='bbox 1286 2433 1357 2506; x_wconf 87' lang='lat' dir='ltr'>Boi-</span> 
     </span>
     <span class='ocr_line' id='line_1_19' title="bbox 362 2552 1356 2645; baseline 0.001 -23"><span class='ocrx_word' id='word_1_141' title='bbox 362 2552 428 2628; x_wconf 75' lang='lat' dir='ltr'>‹lcoe</span> <span class='ocrx_word' id='word_1_142' title='bbox 446 2561 552 2642; x_wconf 79' lang='lat' dir='ltr'>filium</span> <span class='ocrx_word' id='word_1_143' title='bbox 579 2559 746 2645; x_wconf 86' lang='lat' dir='ltr'>significet,</span> <span class='ocrx_word' id='word_1_144' title='bbox 772 2561 918 2624; x_wconf 91' lang='lat' dir='ltr'>nondum</span> <span class='ocrx_word' id='word_1_145' title='bbox 947 2559 1110 2645; x_wconf 84' lang='lat' dir='ltr'>intelligo:</span> <span class='ocrx_word' id='word_1_146' title='bbox 1141 2559 1199 2626; x_wconf 90' lang='lat' dir='ltr'>sed</span> <span class='ocrx_word' id='word_1_147' title='bbox 1227 2559 1254 2622; x_wconf 92' lang='lat' dir='ltr'>si</span> <span class='ocrx_word' id='word_1_148' title='bbox 1280 2581 1356 2624; x_wconf 91' lang='lat' dir='ltr'>con-</span> 
     </span>
     <span class='ocr_line' id='line_1_20' title="bbox 356 2675 1355 2761; baseline 0.003 -23"><span class='ocrx_word' id='word_1_149' title='bbox 356 2675 491 2760; x_wconf 88' lang='lat' dir='ltr'>jecturae</span> <span class='ocrx_word' id='word_1_150' title='bbox 508 2677 598 2740; x_wconf 89' lang='lat' dir='ltr'>locus</span> <span class='ocrx_word' id='word_1_151' title='bbox 616 2677 719 2755; x_wconf 89' lang='lat' dir='ltr'>detur,</span> <span class='ocrx_word' id='word_1_152' title='bbox 732 2675 802 2739; x_wconf 88' lang='lat' dir='ltr'>fieri</span> <span class='ocrx_word' id='word_1_153' title='bbox 818 2684 936 2761; x_wconf 90' lang='lat' dir='ltr'>potest,</span> <span class='ocrx_word' id='word_1_154' title='bbox 946 2685 984 2740; x_wconf 90' lang='lat' dir='ltr'>ut</span> <span class='ocrx_word' id='word_1_155' title='bbox 1001 2676 1043 2740; x_wconf 89' lang='lat' dir='ltr'>sit</span> <span class='ocrx_word' id='word_1_156' title='bbox 1060 2675 1203 2740; x_wconf 81' lang='lat' dir='ltr'>scholion</span> <span class='ocrx_word' id='word_1_157' title='bbox 1221 2675 1355 2761; x_wconf 85' lang='lat' dir='ltr'>alicujus</span> 
     </span>
     <span class='ocr_line' id='line_1_21' title="bbox 361 2791 1404 2878; baseline 0.003 -24"><span class='ocrx_word' id='word_1_158' title='bbox 361 2791 470 2875; x_wconf 90' lang='lat' dir='ltr'>potius</span> <span class='ocrx_word' id='word_1_159' title='bbox 505 2791 649 2855; x_wconf 83' lang='lat' dir='ltr'>authoris</span> <span class='ocrx_word' id='word_1_160' title='bbox 683 2792 819 2877; x_wconf 81' lang='lat' dir='ltr'>margini</span> <span class='ocrx_word' id='word_1_161' title='bbox 853 2793 1029 2877; x_wconf 86' lang='lat' dir='ltr'>ascriptum</span> <span class='ocrx_word' id='word_1_162' title='bbox 1062 2792 1177 2878; x_wconf 89' lang='lat' dir='ltr'>primo,</span> <span class='ocrx_word' id='word_1_163' title='bbox 1213 2793 1287 2856; x_wconf 92' lang='lat' dir='ltr'>dein</span> <span class='ocrx_word' id='word_1_164' title='bbox 1320 2792 1354 2856; x_wconf 89' lang='lat' dir='ltr'>in</span> <span class='ocrx_word' id='word_1_165' title='bbox 1367 2821 1404 2863; x_wconf 83' lang='lat'>20</span> 
     </span>
     <span class='ocr_line' id='line_1_22' title="bbox 360 2898 1356 2994; baseline 0.003 -25"><span class='ocrx_word' id='word_1_166' title='bbox 360 2906 462 2970; x_wconf 83' lang='lat' dir='ltr'>lexico</span> <span class='ocrx_word' id='word_1_167' title='bbox 477 2907 718 2993; x_wconf 86' lang='lat' dir='ltr'>transcriptum,</span> <span class='ocrx_word' id='word_1_168' title='bbox 735 2908 792 2972; x_wconf 90' lang='lat' dir='ltr'>ubi</span> <span class='ocrx_word' id='word_1_169' title='bbox 809 2898 932 2979; x_wconf 79' lang='grc' dir='ltr'><strong><em>Βᾶδιος</em></strong></span> <span class='ocrx_word' id='word_1_170' title='bbox 948 2909 999 2972; x_wconf 91' lang='lat' dir='ltr'>vel</span> <span class='ocrx_word' id='word_1_171' title='bbox 1017 2900 1145 2980; x_wconf 78' lang='grc' dir='ltr'>Βᾶδυος</span> <span class='ocrx_word' id='word_1_172' title='bbox 1170 2909 1356 2994; x_wconf 90' lang='lat' dir='ltr'>simpliciter</span> 
     </span>
     <span class='ocr_line' id='line_1_23' title="bbox 360 3018 1355 3111; baseline 0.005 -26"><span class='ocrx_word' id='word_1_173' title='bbox 360 3022 525 3087; x_wconf 85' lang='lat' dir='ltr'>dicebatur</span> <span class='ocrx_word' id='word_1_174' title='bbox 554 3025 725 3089; x_wconf 88' lang='lat' dir='ltr'>subaudito</span> <span class='ocrx_word' id='word_1_175' title='bbox 746 3018 821 3102; x_wconf 83' lang='grc' dir='ltr'>υἱὸς,</span> <span class='ocrx_word' id='word_1_176' title='bbox 844 3027 931 3110; x_wconf 89' lang='lat' dir='ltr'>quod</span> <span class='ocrx_word' id='word_1_177' title='bbox 957 3026 1149 3090; x_wconf 87' lang='lat' dir='ltr'>vocabulum</span> <span class='ocrx_word' id='word_1_178' title='bbox 1175 3047 1234 3111; x_wconf 93' lang='lat' dir='ltr'>pro</span> <span class='ocrx_word' id='word_1_179' title='bbox 1267 3047 1355 3090; x_wconf 90' lang='lat' dir='ltr'>more</span> 
     </span>
     <span class='ocr_line' id='line_1_24' title="bbox 358 3133 1352 3232; baseline 0.004 -30"><span class='ocrx_word' id='word_1_180' title='bbox 358 3138 551 3206; x_wconf 72' lang='lat' dir='ltr'>scholiastes</span> <span class='ocrx_word' id='word_1_181' title='bbox 569 3141 728 3227; x_wconf 85' lang='lat' dir='ltr'>apposuit.</span> <span class='ocrx_word' id='word_1_182' title='bbox 778 3142 824 3206; x_wconf 88' lang='lat' dir='ltr'>Su</span> <span class='ocrx_word' id='word_1_183' title='bbox 831 3137 907 3229; x_wconf 89' lang='lat' dir='ltr'>[id].</span> <span class='ocrx_word' id='word_1_184' title='bbox 930 3135 1114 3232; x_wconf 72' lang='grc' dir='ltr'>Φερεκύδης,</span> <span class='ocrx_word' id='word_1_185' title='bbox 1132 3133 1272 3222; x_wconf 81' lang='grc' dir='ltr'><em>Βάβιος,</em></span> <span class='ocrx_word' id='word_1_186' title='bbox 1291 3136 1352 3206; x_wconf 80' lang='grc' dir='ltr'>Σύ-</span> 
     </span>
     <span class='ocr_line' id='line_1_25' title="bbox 359 3247 1355 3346; baseline 0.007 -30"><span class='ocrx_word' id='word_1_187' title='bbox 359 3277 439 3343; x_wconf 76' lang='grc' dir='ltr'><strong><em>ριος.</em></strong></span> <span class='ocrx_word' id='word_1_188' title='bbox 462 3254 541 3338; x_wconf 94' lang='lat' dir='ltr'>quid</span> <span class='ocrx_word' id='word_1_189' title='bbox 557 3255 644 3320; x_wconf 88' lang='lat' dir='ltr'>aliud</span> <span class='ocrx_word' id='word_1_190' title='bbox 660 3255 724 3320; x_wconf 92' lang='lat' dir='ltr'>illic</span> <span class='ocrx_word' id='word_1_191' title='bbox 741 3247 881 3339; x_wconf 79' lang='grc' dir='ltr'><em>Βάβιος,</em></span> <span class='ocrx_word' id='word_1_192' title='bbox 900 3280 997 3346; x_wconf 87' lang='lat' dir='ltr'>quam</span> <span class='ocrx_word' id='word_1_193' title='bbox 1015 3247 1145 3338; x_wconf 82' lang='grc' dir='ltr'>Βάβιος</span> <span class='ocrx_word' id='word_1_194' title='bbox 1161 3257 1267 3321; x_wconf 75' lang='lat' dir='ltr'>liliusz</span> <span class='ocrx_word' id='word_1_195' title='bbox 1289 3257 1355 3324; x_wconf 92' lang='lat' dir='ltr'>imo</span> 
     </span>
     <span class='ocr_line' id='line_1_26' title="bbox 361 3359 1400 3460; baseline 0.014 -31"><span class='ocrx_word' id='word_1_196' title='bbox 361 3359 506 3449; x_wconf 79' lang='grc' dir='ltr'><em>Βάβυος,</em></span> <span class='ocrx_word' id='word_1_197' title='bbox 524 3377 562 3432; x_wconf 91' lang='lat' dir='ltr'>ut</span> <span class='ocrx_word' id='word_1_198' title='bbox 582 3369 707 3437; x_wconf 81' lang='lat' dir='ltr'>strabo.</span> <span class='ocrx_word' id='word_1_199' title='bbox 857 3378 860 3384; x_wconf 87' lang='lat'>&#39;</span> <span class='ocrx_word' id='word_1_200' title='bbox 1365 3403 1380 3444; x_wconf 72' lang='grc' dir='ltr'>π</span> <span class='ocrx_word' id='word_1_201' title='bbox 1384 3403 1400 3460; x_wconf 85' lang='lat'><strong>5</strong></span> 
     </span>
     <span class='ocr_line' id='line_1_27' title="bbox 311 3475 1355 3576; baseline 0.007 -31"><span class='ocrx_word' id='word_1_202' title='bbox 311 3475 511 3575; x_wconf 78' lang='grc' dir='ltr'>Βάρδιστοι,</span> <span class='ocrx_word' id='word_1_203' title='bbox 536 3478 755 3576; x_wconf 75' lang='grc' dir='ltr'>βραδύτατοι.</span> <span class='ocrx_word' id='word_1_204' title='bbox 801 3488 842 3551; x_wconf 93' lang='lat' dir='ltr'>Id</span> <span class='ocrx_word' id='word_1_205' title='bbox 867 3487 997 3572; x_wconf 90' lang='lat' dir='ltr'>quidem</span> <span class='ocrx_word' id='word_1_206' title='bbox 1013 3510 1126 3552; x_wconf 92' lang='lat' dir='ltr'>verum</span> <span class='ocrx_word' id='word_1_207' title='bbox 1150 3496 1210 3566; x_wconf 89' lang='lat' dir='ltr'>est,</span> <span class='ocrx_word' id='word_1_208' title='bbox 1227 3496 1265 3551; x_wconf 89' lang='lat' dir='ltr'>ut</span> <span class='ocrx_word' id='word_1_209' title='bbox 1285 3487 1355 3573; x_wconf 90' lang='lat' dir='ltr'>ipse</span> 
     </span>
     <span class='ocr_line' id='line_1_28' title="bbox 360 3601 1355 3690; baseline 0.004 -26"><span class='ocrx_word' id='word_1_210' title='bbox 360 3621 419 3664; x_wconf 88' lang='lat' dir='ltr'>suo</span> <span class='ocrx_word' id='word_1_211' title='bbox 448 3601 519 3665; x_wconf 92' lang='lat' dir='ltr'>loco</span> <span class='ocrx_word' id='word_1_212' title='bbox 544 3603 695 3682; x_wconf 87' lang='lat' dir='ltr'>ostendit,</span> <span class='ocrx_word' id='word_1_213' title='bbox 721 3603 773 3669; x_wconf 93' lang='lat' dir='ltr'>hic</span> <span class='ocrx_word' id='word_1_214' title='bbox 799 3613 907 3668; x_wconf 86' lang='lat' dir='ltr'>tamen</span> <span class='ocrx_word' id='word_1_215' title='bbox 933 3604 1029 3668; x_wconf 86' lang='lat' dir='ltr'>series</span> <span class='ocrx_word' id='word_1_216' title='bbox 1055 3605 1219 3669; x_wconf 85' lang='lat' dir='ltr'>literarum</span> <span class='ocrx_word' id='word_1_217' title='bbox 1246 3603 1355 3690; x_wconf 85' lang='lat' dir='ltr'>potius</span> 
     </span>
     <span class='ocr_line' id='line_1_29' title="bbox 360 3711 1479 3806; baseline 0.005 -28"><span class='ocrx_word' id='word_1_218' title='bbox 360 3716 502 3800; x_wconf 89' lang='lat' dir='ltr'>requirit,</span> <span class='ocrx_word' id='word_1_219' title='bbox 519 3725 552 3780; x_wconf 88' lang='lat' dir='ltr'>et</span> <span class='ocrx_word' id='word_1_220' title='bbox 576 3716 621 3781; x_wconf 87' lang='lat' dir='ltr'>ita</span> <span class='ocrx_word' id='word_1_221' title='bbox 643 3719 775 3783; x_wconf 90' lang='lat' dir='ltr'>omnino</span> <span class='ocrx_word' id='word_1_222' title='bbox 798 3719 948 3784; x_wconf 88' lang='lat' dir='ltr'>scribitur</span> <span class='ocrx_word' id='word_1_223' title='bbox 964 3720 1051 3806; x_wconf 88' lang='lat' dir='ltr'>apud</span> <span class='ocrx_word' id='word_1_224' title='bbox 1069 3720 1264 3796; x_wconf 82' lang='lat' dir='ltr'>Eudemum,</span> <span class='ocrx_word' id='word_1_225' title='bbox 1283 3711 1355 3783; x_wconf 87' lang='lat' dir='ltr'>Boi·</span> <span class='ocrx_word' id='word_1_226' title='bbox 1476 3727 1479 3732; x_wconf 85' lang='lat'>&#39;</span> 
     </span>
     <span class='ocr_line' id='line_1_30' title="bbox 360 3824 1356 3925; baseline 0.005 -31"><span class='ocrx_word' id='word_1_227' title='bbox 360 3824 480 3909; x_wconf 73' lang='grc' dir='ltr'>δισποι,</span> <span class='ocrx_word' id='word_1_228' title='bbox 503 3827 721 3922; x_wconf 75' lang='grc' dir='ltr'>βραδύτατοι.</span> <span class='ocrx_word' id='word_1_229' title='bbox 748 3845 787 3900; x_wconf 91' lang='lat' dir='ltr'>ut</span> <span class='ocrx_word' id='word_1_230' title='bbox 811 3835 897 3900; x_wconf 88' lang='lat' dir='ltr'>enim</span> <span class='ocrx_word' id='word_1_231' title='bbox 923 3858 942 3899; x_wconf 86' lang='lat' dir='ltr'>a</span> <span class='ocrx_word' id='word_1_232' title='bbox 966 3828 1088 3925; x_wconf 75' lang='grc' dir='ltr'>βραδὺς</span> <span class='ocrx_word' id='word_1_233' title='bbox 1113 3827 1298 3925; x_wconf 76' lang='grc' dir='ltr'>βράδισπος</span> <span class='ocrx_word' id='word_1_234' title='bbox 1323 3845 1356 3900; x_wconf 85' lang='lat' dir='ltr'>et</span> 
     </span>
    </p>
   </div>
   <div class='ocr_carea' id='block_1_3' title="bbox 351 3936 1403 4150">
    <p class='ocr_par' dir='ltr' id='par_1_3' title="bbox 351 3936 1403 4150">
     <span class='ocr_line' id='line_1_31' title="bbox 358 3936 1403 4049; baseline 0.005 -40"><span class='ocrx_word' id='word_1_235' title='bbox 358 3936 553 4036; x_wconf 74' lang='grc' dir='ltr'>βόρδιστος,</span> <span class='ocrx_word' id='word_1_236' title='bbox 566 3947 611 4013; x_wconf 86' lang='lat' dir='ltr'>ita</span> <span class='ocrx_word' id='word_1_237' title='bbox 623 3972 641 4012; x_wconf 83' lang='lat' dir='ltr'><strong>a</strong></span> <span class='ocrx_word' id='word_1_238' title='bbox 653 3941 768 4030; x_wconf 77' lang='grc' dir='ltr'><em>βάδην,</em></span> <span class='ocrx_word' id='word_1_239' title='bbox 782 3952 869 4034; x_wconf 91' lang='lat' dir='ltr'>quod</span> <span class='ocrx_word' id='word_1_240' title='bbox 881 3958 931 4014; x_wconf 82' lang='lat' dir='ltr'>est</span> <span class='ocrx_word' id='word_1_241' title='bbox 942 3945 1054 4041; x_wconf 79' lang='grc' dir='ltr'><strong><em>ἡρέμα,</em></strong></span> <span class='ocrx_word' id='word_1_242' title='bbox 1068 3950 1134 4016; x_wconf 91' lang='lat' dir='ltr'>sive</span> <span class='ocrx_word' id='word_1_243' title='bbox 1147 3941 1233 4014; x_wconf 80' lang='grc' dir='ltr'>κατὰ</span> <span class='ocrx_word' id='word_1_244' title='bbox 1250 3947 1354 4032; x_wconf 75' lang='grc' dir='ltr'><strong><em>βῆμα,</em></strong></span> <span class='ocrx_word' id='word_1_245' title='bbox 1363 3993 1403 4049; x_wconf 77' lang='lat'>30</span> 
     </span>
     <span class='ocr_line' id='line_1_32' title="bbox 351 4057 1353 4150; baseline 0.005 -25"><span class='ocrx_word' id='word_1_246' title='bbox 351 4064 557 4143; x_wconf 77' lang='lat' dir='ltr'>pedetentim,</span> <span class='ocrx_word' id='word_1_247' title='bbox 574 4086 631 4128; x_wconf 90' lang='lat' dir='ltr'>seu</span> <span class='ocrx_word' id='word_1_248' title='bbox 645 4068 726 4130; x_wconf 82' lang='lat' dir='ltr'>lento</span> <span class='ocrx_word' id='word_1_249' title='bbox 737 4067 830 4148; x_wconf 80' lang='lat' dir='ltr'>pede,</span> <span class='ocrx_word' id='word_1_250' title='bbox 846 4057 1021 4147; x_wconf 78' lang='grc' dir='ltr'>βάδιστος.</span> <span class='ocrx_word' id='word_1_251' title='bbox 1063 4065 1217 4130; x_wconf 88' lang='lat' dir='ltr'>Rescribo</span> <span class='ocrx_word' id='word_1_252' title='bbox 1235 4066 1353 4150; x_wconf 88' lang='lat' dir='ltr'>itaque,</span> 
     </span>
    </p>
   </div>
   <div class='ocr_carea' id='block_1_4' title="bbox 308 4169 1398 4622">
    <p class='ocr_par' dir='ltr' id='par_1_4' title="bbox 358 4169 769 4270">
     <span class='ocr_line' id='line_1_33' title="bbox 358 4169 769 4270; baseline 0.015 -32"><span class='ocrx_word' id='word_1_253' title='bbox 358 4169 536 4258; x_wconf 76' lang='lat' dir='ltr'>Bridtcrot,</span> <span class='ocrx_word' id='word_1_254' title='bbox 552 4173 769 4270; x_wconf 71' lang='grc' dir='ltr'>βραδύτατοι.</span> 
     </span>
    </p>

    <p class='ocr_par' dir='ltr' id='par_1_5' title="bbox 308 4284 959 4385">
     <span class='ocr_line' id='line_1_34' title="bbox 308 4284 959 4385; baseline 0.009 -30"><span class='ocrx_word' id='word_1_255' title='bbox 308 4284 465 4372; x_wconf 74' lang='grc' dir='ltr'><em>Βᾶδηδοι,</em></span> <span class='ocrx_word' id='word_1_256' title='bbox 483 4293 597 4385; x_wconf 80' lang='grc' dir='ltr'><em>ἤχεῖοι.</em></span> <span class='ocrx_word' id='word_1_257' title='bbox 630 4294 707 4383; x_wconf 86' lang='lat' dir='ltr'>[vid.</span> <span class='ocrx_word' id='word_1_258' title='bbox 725 4296 808 4362; x_wconf 85' lang='lat' dir='ltr'>infru</span> <span class='ocrx_word' id='word_1_259' title='bbox 824 4319 858 4382; x_wconf 88' lang='lat' dir='ltr'>p.</span> <span class='ocrx_word' id='word_1_260' title='bbox 874 4292 959 4382; x_wconf 80' lang='lat'><em>144]</em></span> 
     </span>
    </p>

    <p class='ocr_par' dir='ltr' id='par_1_6' title="bbox 308 4402 1398 4622">
     <span class='ocr_line' id='line_1_35' title="bbox 308 4402 1353 4503; baseline 0.004 -31"><span class='ocrx_word' id='word_1_261' title='bbox 308 4402 513 4503; x_wconf 81' lang='grc' dir='ltr'>Βαθακίζων,</span> <span class='ocrx_word' id='word_1_262' title='bbox 531 4411 629 4482; x_wconf 82' lang='grc' dir='ltr'>κακῶς</span> <span class='ocrx_word' id='word_1_263' title='bbox 644 4408 760 4503; x_wconf 78' lang='grc' dir='ltr'>ἕρπων.</span> <span class='ocrx_word' id='word_1_264' title='bbox 789 4411 1041 4478; x_wconf 75' lang='lat' dir='ltr'>convenientius</span> <span class='ocrx_word' id='word_1_265' title='bbox 1063 4413 1226 4478; x_wconf 88' lang='lat' dir='ltr'>literarum</span> <span class='ocrx_word' id='word_1_266' title='bbox 1249 4412 1353 4478; x_wconf 90' lang='lat' dir='ltr'>ordini</span> 
     </span>
     <span class='ocr_line' id='line_1_36' title="bbox 358 4517 1398 4622; baseline 0.003 -33"><span class='ocrx_word' id='word_1_267' title='bbox 358 4525 549 4591; x_wconf 90' lang='lat' dir='ltr'>scriberetur</span> <span class='ocrx_word' id='word_1_268' title='bbox 569 4517 754 4620; x_wconf 79' lang='grc' dir='ltr'><em>βαδικίζων,</em></span> <span class='ocrx_word' id='word_1_269' title='bbox 770 4535 809 4591; x_wconf 92' lang='lat' dir='ltr'>ut</span> <span class='ocrx_word' id='word_1_270' title='bbox 830 4528 872 4592; x_wconf 88' lang='lat' dir='ltr'>sit</span> <span class='ocrx_word' id='word_1_271' title='bbox 888 4550 908 4592; x_wconf 83' lang='lat' dir='ltr'>a</span> <span class='ocrx_word' id='word_1_272' title='bbox 923 4519 1050 4620; x_wconf 79' lang='grc' dir='ltr'><strong><em>βαδίζω</em></strong></span> <span class='ocrx_word' id='word_1_273' title='bbox 1074 4520 1244 4622; x_wconf 75' lang='grc' dir='ltr'><em>βαδικίζω,</em></span> <span class='ocrx_word' id='word_1_274' title='bbox 1261 4538 1293 4594; x_wconf 88' lang='lat' dir='ltr'>et</span> <span class='ocrx_word' id='word_1_275' title='bbox 1310 4529 1352 4594; x_wconf 90' lang='lat' dir='ltr'>sit</span> <span class='ocrx_word' id='word_1_276' title='bbox 1361 4556 1398 4617; x_wconf 83' lang='lat'>35</span> 
     </span>
    </p>
   </div>
   <div class='ocr_carea' id='block_1_5' title="bbox 0 0 1604 5058">
    <p class='ocr_par' dir='ltr' id='par_1_7' title="bbox 0 0 1604 5058">
     <span class='ocr_line' id='line_1_37' title="bbox 0 0 1604 5058; baseline 0 2"><span class='ocrx_word' id='word_1_277' title='bbox 0 0 1604 5058; x_wconf 95' lang='lat' dir='ltr'> </span> 
     </span>
    </p>
   </div>
  </div>
 </body>
</html>
