3200 5058
303 301 368 362 182
634 295 1018 361 ADVERSARIA

303 459 518 545 Βοῦσβατον.
545 463 584 527 L.
604 455 800 545 Βουβάστιν
818 464 938 529 Herod.

303 575 400 650 Βοῦς.
428 573 526 650 οὕτως
553 602 616 644 vox
641 589 801 666 suspecte.
827 604 857 645 v.
877 581 956 646 Poll.
976 582 1072 660 6,11.
1093 581 1144 648 28.
1171 601 1202 665 9,
1219 601 1247 644 1.
1287 571 1351 660 βά-

336 720 394 788 ρος
410 697 433 759 f.
451 689 554 786 βαρὺς
572 689 632 779 (sic
649 718 698 782 pr.
717 697 835 780 quibus
853 698 974 774 deletis,
993 695 1106 786 addin)
1123 698 1146 761 f.
1164 689 1270 788 βάρος
1286 705 1349 760 vet.

339 812 446 876 Schol.
465 811 565 896 Soph.
591 835 624 896 p.
642 827 714 896 177.

304 922 389 998 Βοῦς
406 921 458 992 ε’τδ
478 924 628 1014 γλώσσῃ.
651 921 761 1018 όνπερ.
788 929 809 992 l.
829 923 911 1019 ὅπερ
929 936 967 992 ut
983 929 1071 1014 apud
1089 923 1218 1012 Su[id].
1237 934 1269 991 et
1290 944 1376 1011 pro5

354 1035 445 1134 παρὰ
463 1038 548 1133 τέρα
566 1052 604 1106 ut
621 1044 709 1128 apud
725 1045 849 1108 Zenob.

303 1155 389 1230 Βοῦς
406 1155 438 1224 ἐν
456 1154 597 1224 πόλει..
613 1207 621 1223 .
634 1155 767 1239 βουλῆς.

303 1270 390 1346 Βοῦς
407 1269 460 1339 ε’τὶ
479 1266 593 1352 δεσμὰ,
610 1297 641 1338 v.
660 1267 754 1338 Κόων
771 1283 804 1339 et
820 1275 864 1340 ib.
882 1275 1005 1338 Zenob.

304 1390 402 1474 Βοῦς,
418 1384 556 1480 μάστιξ.
582 1415 613 1456 v.
632 1385 805 1480 Βοότληξ.

228 1554 230 1558 -
304 1504 391 1580 Βοῦς
407 1505 459 1587 ἐμ.
486 1511 526 1574 L.
545 1502 728 1600 Στράττις.
1364 1536 1400 1578 ιο

304 1621 389 1696 Βοῦς
400 1623 453 1707 ἕβ.
465 1619 554 1701 Κλη.
566 1626 605 1689 L.
613 1618 852 1700 Κλειτόδημος.
867 1627 962 1689 Paus.
974 1624 1007 1688 in
1021 1618 1345 1712 Phocicis.[X.15,5.]

354 1734 584 1817 Κλειτόδημος
605 1734 649 1820 δὲ,
666 1735 789 1804 ὁπόσοι
810 1733 854 1804 τὰ
875 1734 1057 1817 Ἀθηναίων
1075 1737 1234 1831 ι’τιχώρια
1251 1735 1352 1830 ἔγρα-

354 1849 463 1945 taut
483 1850 719 1946 ἀρχαιότατος,
738 1852 833 1926 οῦτος
850 1852 947 1941 ἐντῷ
965 1851 1059 1942 λόγῳ
1083 1851 1168 1947 φησὶ
1194 1857 1241 1940 τῷ
1266 1847 1352 1918 Ἀτ-

353 1972 444 2056 τικῷ.
496 1971 650 2035 Meminit
666 1971 736 2057 ejus
755 1973 863 2056 Etym.
882 1980 915 2035 et
932 1964 1067 2061 Su[id].
1085 1972 1120 2034 in
1143 1964 1227 2033 Ἐπὶ
1252 1962 1352 2033 Παλ-

353 2082 477 2153 λαδίου.
526 2088 704 2152 Dubitatur
721 2111 762 2151 an
780 2087 823 2152 sit
839 2087 924 2152 idem
942 2087 999 2173 qui
1015 2088 1174 2151 Athenaeo
1193 2081 1398 2171 (suprasc15

353 2203 543 2292 Plutarcho)
561 2212 594 2267 et
613 2204 713 2289 Harp.
732 2195 919 2280 Κλείδημος
937 2203 1104 2288 aliquoties
1122 2201 1251 2266 dicitur.

304 2313 390 2387 Βοῦς
407 2313 550 2395 τετηλός·
568 2318 641 2382 Can.
1331 2325 1335 2330 ’

304 2425 491 2510 Βουστάνη.
519 2443 669 2520 suspecta
685 2457 757 2500 vox.
784 2458 815 2501 v.
833 2426 996 2511 Βουτάνη.

304 2541 581 2649 Βοοστροφηδδν,
593 2551 688 2614 Paus.
699 2571 773 2638 320,
786 2571 835 2633 14.
848 2559 880 2614 et
892 2551 995 2635 Harp.
1008 2550 1042 2612 in
1055 2544 1074 2613 ὁ
1087 2541 1230 2614 κάτωθεν
1244 2542 1351 2624 νόμος.

304 2656 457 2742 ΒΟυΤάνη
472 2712 480 2728 ι
498 2657 652 2736 ,Τάνυσίς
665 2715 672 2730 ι
685 2715 694 2732 .
706 2659 831 2743 (impleti.
846 2715 854 2732 ι
870 2715 878 2731 ε
939 2739 942 2745 Ι
1363 2687 1401 2727 20

304 2773 674 2871 Βοότης...ταροιμία
703 2775 843 2864 (videtur
870 2782 980 2846 deesse
1009 2777 1135 2845 θᾶττον
1162 2773 1180 2856 ἦ
1213 2773 1351 2855 Βούτης.

332 2940 334 2944 .
354 2895 404 2958 vel
422 2890 552 2972 Βοῦτην
570 2889 692 2972 Miror
708 2888 860 2987 ἔγραψε)
876 2890 1075 2966 Διιτολῖοις.
1092 2917 1123 2960 v.
1135 2895 1260 2960 Meurs.
1285 2892 1351 2982 [AL

355 3032 404 3074 ex.
422 3012 536 3075 AEsch.
553 3007 622 3096 41.]
758 3038 761 3041 ·

306 3118 522 3216 Βουτιάνειρα
539 3135 688 3213 corrupte
706 3149 765 3213 pro
783 3122 852 3192 Βω.

305 3234 441 3307 Bomoi.
468 3237 597 3312 Βοῦτος
614 3238 714 3312 πόλις
729 3245 781 3308 vel
798 3240 885 3322 κόμη
903 3244 992 3329 apud
1008 3243 1194 3329 AEgyptios.
1221 3243 1333 3329 Steph.
1363 3267 1400 3328 25

305 3350 491 3435 Βοότομον.
516 3381 547 3423 v.
566 3349 698 3446 Σάμαξ.

261 3483 263 3486 ’
305 3467 524 3565 Βοῦτρωκτον
542 3475 587 3539 Η.
603 3474 651 3539 St.

305 3582 490 3653 Βοότυτον.
525 3590 548 3653 1.
578 3584 686 3668 θάτην,
713 3589 770 3673 qui
796 3589 912 3653 bovem
942 3591 1103 3656 meetabet
1129 3591 1164 3653 in
1191 3588 1352 3674 Diipoliis,

353 3698 520 3793 βουφόνος
544 3705 596 3768 vel
617 3699 784 3785 βοότυτος
807 3703 935 3770 dicitur.
978 3706 1097 3791 Porph.
1114 3706 1137 3772 l.
1152 3690 1183 3774 ι’.
1200 3706 1240 3769 de
1256 3704 1351 3769 Abst.

353 3818 494 3883 Animal.
512 3813 559 3882 Οἱ
574 3811 632 3895 μὲν
649 3811 718 3883 άπδ
742 3821 806 3884 τοῦ
830 3811 1044 3907 πατάξαντος
1062 3812 1250 3910 Σωπάτρου
1267 3813 1401 3888 Βοῦ-.30

354 3957 453 3997 τυτοι
471 3927 661 4011 καλούμενοι
686 3925 816 4004 πάντες.
840 3917 1006 4000 dicebatur
1027 3945 1060 4000 et
1085 3932 1216 4017 βοότης,
1234 3944 1272 4000 ut
1294 3957 1354 3999 no-

357 4057 431 4112 ster.
483 4050 564 4112 Erat
586 4058 694 4113 autem
722 4049 836 4135 aliquis
863 4073 903 4115 ex
926 4075 1042 4136 genere
1065 4051 1351 4120 Tharrlonidamm..

356 4166 471 4248 Neque
487 4165 586 4250 igitur
603 4165 742 4229 Diomus
764 4187 869 4252 neque
888 4167 1024 4253 Sopater
1043 4175 1078 4232 1⁰
1094 4169 1211 4232 bovem
1233 4175 1352 4231 macta-

354 4279 411 4360 vit,
428 4288 466 4344 ut
484 4280 682 4367 Porphyrius
704 4304 770 4346 non
793 4281 855 4346 sibi
877 4282 954 4347 satis
976 4291 1128 4348 constans
1154 4281 1276 4357 asserit,
1294 4282 1352 4345 sed
