3188 5052
315 401 380 463 108
660 396 1016 462 ADVERSARIA

317 563 337 602 *¹
351 556 686 657 Ἀποφλανρίζεσθαι
709 565 801 631 Pind.
822 583 895 650 217.

314 675 536 770 Ἀποφοιπᾶν
555 676 684 768 Su[id].

316 791 550 888 Ἀπόφορπος.

316 906 524 1002 Ἀποφῦλιοι
540 960 548 977 .
569 961 576 976 .
597 960 604 976 .
619 913 729 977 deesse
742 913 868 977 videtur
877 913 928 976 vel
937 906 1074 1004 Πρωτεῖ
1083 913 1135 977 vel
1146 907 1305 1004 Κερκύωνι
1319 905 1360 976 Σ.

314 1022 605 1118 Ἀποφυσῆσασα.
622 1023 670 1093 ἰ’σ.
687 1019 875 1118 ἐκρίψουσα
896 1027 967 1118 (sic)
1371 1033 1387 1092 5
1439 1107 1444 1118 ⁸

313 1139 521 1234 Ἀποφώλια
540 1143 605 1208 Od.
623 1137 657 1208 ε’.
673 1146 746 1211 182.
770 1145 851 1210 sorte
869 1139 1057 1235 ἀποφήλια.
1076 1143 1361 1234 Etym.v.‹p51llov

370 1256 436 1346 [ΑΙ.
455 1282 504 1324 ex.
523 1282 552 1323 v.
571 1255 626 1324 οὐκ
643 1253 795 1350 ἆποφῶ.]

312 1367 536 1466 Ἀποφῶλιος
553 1375 617 1439 Od.
638 1369 680 1440 θ’.
697 1391 767 1459 177.

312 1482 512 1583 Ἀποχάζεο
531 1491 595 1557 od.
613 1485 657 1555 λ’.
671 1511 723 1576 94.

311 1600 475 1696 Ἀπόχρη
495 1606 541 1671 Su
549 1599 628 1694 [id].
647 1607 704 1671 sed
721 1629 789 1692 p.p.

311 1717 559 1811 Ἀποχραῖνειν.
601 1722 742 1788 Quidam
759 1729 841 1786 teste
860 1721 905 1785 H.
921 1721 968 1786 st.
986 1721 1100 1808 legunt
1120 1715 1359 1814 Ἀπόχραινον,

364 1859 411 1904 se.
430 1838 572 1902 colorum
597 1837 757 1922 reliquum
774 1845 807 1901 et
823 1837 998 1902 residuum.
1049 1839 1124 1923 Ipse
1150 1839 1360 1923 subintelligit

363 1951 454 2020 adde.
471 1953 492 2018 i.
510 1976 538 2018 e.
561 1955 693 2035 adjectis
722 1956 858 2019 colorum
876 1956 1012 2036 floribus
1034 1956 1087 2038 qui
1112 1956 1243 2019 deerant
1269 1975 1360 2020 eoeor-
1455 1971 1460 1980 ’

363 2073 453 2117 nare.
479 2047 697 2143 ἆπολειφθὲν.

311 2159 406 2232 Ἀπὸ
424 2164 521 2257 χρέμ.
538 2160 607 2232 ἀπὸ
625 2163 724 2232 ππύσ.
1371 2193 1404 2254 15

310 2277 632 2374 Ἀποχριμφθὲνπα.

313 2388 591 2484 1“*Ἀποψοὶ)1>1ειν
609 2398 691 2484 Lyc.
707 2417 782 2477 412.

313 2505 541 2604 Ἀποψύχειν,
554 2509 751 2577 α’ποπαπεῖν.
798 2506 865 2598 (Ita
883 2512 980 2577 Salm.
1000 2513 1064 2578 Sed
1080 2513 1188 2599 potius
1204 2507 1358 2578 ἀποπλύ-

363 2655 433 2703 νειν,
444 2637 483 2692 ut
493 2627 619 2717 Etym.)
635 2629 699 2693 Sed
711 2629 798 2692 unde
809 2630 879 2693 haec
893 2629 1092 2714 significatio.
1111 2628 1216 2694 Aliter
1226 2629 1273 2692 Su
1279 2623 1352 2716 [id.]

304 2735 467 2822 Ἀπιλος,
483 2735 760 2834 α’σπαργᾶνωπος.
813 2745 863 2807 Ita
880 2744 1009 2830 conjicit
1027 2746 1072 2808 H.
1086 2743 1134 2808 st.
1368 2785 1406 2824 20

310 2848 581 2950 Ἀππαλλᾶζειν.
607 2879 638 2922 v.
653 2849 867 2951 Ἀπελλᾶζεν
885 2853 960 2948 (sic)
976 2850 1136 2926 Λάκωνες.

309 2967 576 3064 Ἀπραγμοσύνη
593 2975 760 3060 Aristoph.
782 2995 854 3040 110.
872 2998 938 3040 non
956 2977 1043 3061 quod
1064 2976 1208 3061 plantam
1235 2975 1356 3061 signifi-

362 3097 424 3166 cet,
442 3090 498 3153 sed
515 3089 599 3154 inter
614 3091 741 3175 plantas
758 3099 957 3156 numeratur.
982 3115 1013 3156 v.
1033 3092 1079 3156 Su
1086 3091 1161 3175 [id].

302 3197 502 3294 ’Άπρηκτον
520 3205 559 3271 ΙΙ.
577 3197 619 3292 ξ’.
638 3227 710 3274 221.
737 3199 783 3288 β’.
800 3226 870 3272 121.

309 3315 506 3411 Ἀπρῆκτως
524 3321 563 3386 Il.
580 3315 628 3403 β’.
646 3325 721 3410 376.
1365 3359 1403 3420 ²5

213 3435 217 3442 ’
309 3428 499 3526 Ἀπριᾶπην
517 3438 557 3501 Il.
576 3431 617 3502 α’.
637 3460 688 3525 99.
713 3438 819 3504 Schol.

309 3543 462 3642 Ἀπρὶξ.
478 3545 574 3618 ..διὰ
592 3549 651 3630 τὴν
669 3550 846 3646 σύμφυσιν.
874 3555 925 3619 Ita
941 3556 1179 3620 emendandum
1194 3577 1234 3620 ex
1247 3555 1353 3620 Schol.

364 3667 464 3753 Soph.
482 3691 516 3754 p.
531 3690 580 3754 19.
598 3677 630 3733 et
648 3670 756 3735 Schol.
773 3671 944 3736 Theocriti.
985 3671 1101 3756 Cogita
1117 3694 1158 3735 un
1174 3694 1241 3736 non
1259 3671 1352 3737 scrib.

359 3775 491 3873 Ἀπρὶξ
511 3778 748 3875 προσπεφυκός
765 3809 805 3851 ex
823 3784 936 3874 Su[idl
979 3783 1050 3878 [Al.
1068 3811 1117 3855 ex.
1135 3813 1165 3854 v.
1181 3781 1316 3877 Ὀδὰξ.]

307 3890 485 3987 Ἀπροϊδῆ.
1362 3941 1402 4000 30

306 4003 577 4101 Ἀπρονόμευτος
591 4058 599 4075 .
614 4061 622 4077 .
638 4014 818 4104 .προνομῆ.

305 4117 628 4217 Ἀπροσδιορίστῦς.

308 4223 538 4341 Ἀπρόσιῆλος,
554 4250 581 4338 ᾤ
596 4246 694 4324 οὐδεὶς
710 4258 948 4344 προσειλεῖπαι.
983 4260 1034 4324 lta
1050 4261 1173 4326 Meurs.
1193 4269 1226 4326 et
1243 4263 1288 4326 H.
1303 4261 1351 4326 St.

361 4362 543 4445 ..Ἀλόπη
570 4372 761 4436 Maussacus
785 4380 818 4436 et
842 4373 1016 4452 Meursius,
1040 4369 1246 4455 Μελανίππη
1272 4378 1353 4448 Bro-
