3200 5058
557 346 959 447 1111s110111111111.
1219 348 1280 411 151

239 507 448 588 Βαλλητούς.
474 512 514 576 L.
533 505 719 590 Βαλλητύι.
750 513 870 578 Athen.
888 513 910 578 l.
929 513 992 578 IX.
1017 511 1064 601 [p
1074 518 1138 595 406
1151 510 1211 600 D.]
1233 509 1284 584 τέο

168 705 171 712 ¹
290 621 317 692 δ’
336 621 417 706 αὕτη
436 626 453 705 ἡ
471 623 576 706 λιθίνη
593 624 785 710 βαλλητύς;
804 623 969 695 Ἐλευσῖνι
989 621 1056 719 γὰρ
1074 630 1116 718 τῇ
1134 626 1192 717 έμῇ
1211 622 1283 696 οἶδά

288 769 362 808 τινα
380 743 560 835 τανῆγυριν
576 739 738 831 ἀγομένην
756 738 806 810 καὶ
824 740 1018 824 καλουμένην
1035 741 1216 828 βαλλητῦν.

239 853 406 938 Βολληΐαι
425 862 511 926 N.L.

238 970 378 1054 Βαλμός
396 979 482 1042 N.L.
1295 1010 1310 1066 5

238 1087 521 1185 Βολοιτησειρονι
547 1094 589 1160 Q.
606 1116 647 1158 an
666 1093 821 1158 Baltasar.
840 1093 926 1160 N.L.

238 1201 407 1275 Βέλλεκα.
424 1211 446 1275 l.
465 1201 611 1275 Βάλεκιι.
643 1200 761 1298 Βάλεξ
775 1209 874 1296 igitur
890 1213 1037 1286 calculus,
1054 1210 1141 1275 unde
1159 1211 1283 1274 Latinis

287 1328 403 1391 Βαίιιιν.
431 1321 518 1392 Plin.
538 1328 577 1391 de
599 1348 677 1392 auro
694 1335 727 1392 et
745 1326 912 1412 Hispanis,
929 1329 1011 1391 idem
1028 1329 1112 1410 quod
1132 1331 1284 1392 minutum

288 1451 335 1508 eet
352 1445 503 1508 Baweem
518 1451 640 1510 vocant.
694 1444 745 1508 Ita
761 1444 930 1522 Martialis,
946 1445 1043 1508 Illinc
1065 1445 1184 1508 balucis
1206 1447 1284 1508 mal»

289 1559 391 1622 lector
406 1559 566 1640 Ηὶιμαιια,
584 1580 649 1622 non
666 1561 809 1641 paludis.
833 1568 866 1623 et
883 1561 1015 1624 Balnea.
1056 1559 1182 1624 Glossae
1205 1555 1282 1652 χρύ-
1296 1588 1331 1628 ιο

288 1698 429 1753 σαμμοι,
447 1675 567 1740 haleca.
594 1697 624 1740 v.
644 1674 725 1739 Plin.
745 1675 858 1741 Exere.
876 1697 909 1761 p.
925 1691 998 1760 277.
1018 1673 1096 1763 (196
1112 1673 1170 1762 G.)

239 1787 259 1827 ²*
271 1780 458 1868 Βάλσοιμον
484 1801 558 1874 miv
583 1778 661 1872 592
685 1792 836 1856 dominu·
853 1793 925 1871 olei,
943 1792 1049 1856 oleum
1067 1791 1253 1878 principale.

239 1903 259 1943 *
272 1899 373 1983 Βᾶμα
392 1908 520 1972 Dorice.
549 1907 641 1972 Pind.
661 1929 734 1976 220.

239 2016 448 2104 Βομβαίνων.
474 2049 507 2088 τ.
525 2049 558 2088 τ.
576 2050 614 2088 τ.
640 2022 726 2114 ἧχῶν
750 2049 786 2089 τ.
805 2021 834 2088 o'.
875 2025 926 2088 Ita
950 2024 1084 2089 restituo
1109 2047 1149 2088 ex
1174 2025 1282 2108 Etym.

289 2133 486 2222 Βαμβαένει,
505 2131 665 2240 διιττάζει,
683 2136 795 2230 τρέμει
818 2145 889 2211 τοῖς
907 2136 989 2206 τοσὶ
1007 2137 1059 2205 καὶ
1076 2133 1139 2205 ὑπὸ
1156 2135 1284 2231 τρόμον
1297 2165 1330 2225 15

289 2255 363 2346 ἠχεῖ
377 2251 452 2327 τοὺς
470 2251 615 2328 ὀδόντας.

239 2365 446 2453 ,Βαμβᾶλειν.
474 2375 510 2438 F.
529 2368 742 2455 Βαμβαένειν,
765 2373 815 2436 vel
840 2374 918 2438 λεῐν.
963 2372 1071 2437 (Ηοεε.
1090 2366 1282 2451 Βαμβαένω,

288 2490 407 2568 hoeeito,
424 2491 546 2567 vacith,
565 2490 675 2553 titubo.
760 2549 763 2554 .

239 2597 520 2695 Βαμβακεύτριαι.
547 2606 589 2672 Q.
609 2599 895 2696 φαρμακίστριαι.
912 2598 1131 2686 ,βαμβακέαα
1149 2603 1172 2668 f.
1190 2603 1282 2687 quasi

287 2716 552 2812 βαμμακῶτριαι.
569 2747 605 2799 μ.
622 2721 654 2785 in
673 2714 721 2802 β’.
1294 2750 1331 2788 20

239 2828 425 2917 Βαμβαλῖα
443 2838 528 2903 N.L.

239 2943 465 3046 Βαμβαλῖζει,
481 2950 605 3045 τρέμει,
622 2947 698 3025 τοὺς
716 2947 850 3024 ὀδόντας
868 2950 1049 3045 συγκρούει.
1081 2956 1132 3018 Ita
1148 2955 1284 3040 legenda

288 3079 320 3132 et
346 3069 575 3156 distinguenda
601 3081 688 3135 sunt.
726 3071 820 3135 Eust.
847 3063 890 3136 τὸ
923 3064 957 3136 δὲ
984 3066 1181 3153 βαμβαίνειν
1209 3065 1282 3136 ἐστὶ

287 3181 475 3277 συγκρούειν
497 3181 573 3258 τοὺς
595 3180 741 3267 δέοντας,
765 3210 802 3250 ae
824 3187 851 3251 si
873 3187 959 3252 idem
982 3197 1066 3252 esset
1087 3183 1283 3270 βαμβαῖνειν

287 3309 320 3364 et
336 3294 573 3396 βαμβαλίζειν,
591 3304 647 3367 sed
664 3326 703 3367 ex
720 3302 881 3382 veteribus
902 3303 1010 3367 lexicis
1033 3303 1202 3368 discrimen
1226 3303 1283 3366 ali·
1295 3330 1329 3389 25

287 3419 374 3502 quod
392 3419 484 3484 nobis
501 3420 645 3505 protulit.

240 3524 378 3615 Βᾶμβα.
399 3535 445 3599 'L.
464 3527 602 3613 Βάμμα.

238 3641 366 3732 Βᾶμβα
386 3643 574 3745 Κυζηκινόν.
602 3654 640 3716 L.
658 3644 784 3728 Βάμμα
804 3644 1024 3746 Κυζικηνικόν.
1056 3643 1231 3745 Κυζικηνοὶ
1250 3644 1284 3715 δὲ

287 3768 344 3830 διο.
366 3769 506 3853 respexit
528 3767 613 3832 enim
637 3769 704 3832 sine
727 3768 825 3832 dubio
843 3769 923 3832 illud
940 3767 974 3830 in
994 3769 1075 3832 Pace
1092 3767 1283 3853 Arintopha-

287 3883 348 3962 nis,
377 3877 550 3960 Tqmatr'
578 3877 674 3956 αὐτὸς
704 3880 878 3967 βέβαπται
910 3875 1030 3966 βάμμα
1063 3875 1331 3976 Κνζικηνικόν.3ο

288 3999 349 4062 Est
379 4000 464 4063 enim
496 3991 636 4092 Κύζικος
666 4024 783 4064 nomen
814 4001 912 4076 urbis,
946 3993 1117 4092 Κυζικηνοὶ
1150 4000 1282 4064 incolaez

288 4117 373 4180 unde
392 4107 599 4209 Κυζικηνικὸς
616 4139 678 4181 vox
696 4120 884 4203 possessiva.
937 4117 1026 4181 Ferri
1046 4127 1154 4180 tamen
1176 4126 1285 4203 potest

289 4223 478 4324 Κυζικηνὸν,
495 4243 532 4297 ut
554 4244 603 4298 est
628 4235 716 4318 apud
742 4229 871 4320 Su[id].
895 4241 927 4296 ct
950 4233 1145 4297 Eudemum.
1198 4233 1283 4295 Nam

287 4357 369 4412 teste
387 4349 552 4435 Stephano
573 4345 745 4440 κέχρηνται
771 4343 805 4413 δέ
821 4351 869 4434 τῷ
891 4341 1068 4442 Κυζικηνὸς
1089 4347 1187 4433 ἁπλῷ
1211 4342 1283 4412 ἀντὶ
