3140 5054
195 1085 265 1220 ’,
390 1158 401 1186 ,-
486 1099 988 1202 PRAEFATIO.

588 1395 840 1408 -fi——u—

192 1549 243 1662 P
246 1587 525 1672 RIUSQUAM
555 1591 600 1660 ad
631 1590 798 1660 Pearsoni
825 1587 1039 1658 Adversaria
1068 1586 1293 1679 Hesychiaua

190 1703 386 1774 evolvenda
402 1707 548 1776 accedat
567 1705 707 1786 Lector,
726 1705 905 1796 praestabit
926 1705 1072 1774 fortasse
1090 1711 1131 1772 ut
1148 1727 1229 1796 quae
1248 1704 1292 1771 de

190 1819 232 1888 iis
249 1820 286 1888 in
305 1819 517 1892 Praefatione
535 1823 579 1890 ad
597 1843 680 1890 eum
699 1819 1007 1913 Lexicographum
1025 1819 1162 1910 scripsit
1179 1818 1214 1888 J.
1226 1816 1293 1887 Al-

191 1936 312 2006 bertus
329 1937 374 2006 ob
392 1937 512 2008 oculos
529 1937 669 2007 habeat.
717 1935 753 2006 Is
771 1938 892 2028 itaque
909 1959 942 2028 p.
954 1937 1035 2006 xvi:

243 2062 262 2090 “
273 2051 425 2146 Insignis
448 2062 570 2122 autem
594 2052 759 2122 utilitatis
779 2053 923 2120 omnino
941 2051 1089 2121 fuissent
1111 2059 1204 2119 notae
1222 2049 1293 2118 Re-

88 2182 92 2190 ’
191 2177 211 2205 “
226 2169 413 2238 verendiss.
445 2168 698 2266 Cestrieusium
730 2167 895 2260 Episcopi
930 2165 1077 2237 Joaunis
1113 2165 1291 2248 Pearsoui,

193 2285 293 2352 “viri
321 2268 357 2352 in
387 2283 455 2354 hbc
483 2285 664 2354 literarum
694 2307 824 2378 genere
854 2285 991 2365 summi,
1020 2284 1048 2353 si
1078 2284 1122 2352 ad
1147 2305 1292 2352 manum

192 2401 381 2470 “fuissent
434 2399 491 2470 De
515 2423 557 2470 eo
579 2399 738 2470 Mericus
763 2401 990 2470 Casaubonus
1015 2401 1060 2469 ad
1087 2397 1292 2468 Hieroclem

191 2526 212 2555 “
222 2540 256 2608 p.
278 2527 347 2586 181.
364 2515 421 2586 ed.
440 2517 553 2586 Lond.
573 2524 666 2608 1654.
683 2517 865 2586 memoriae
890 2515 1057 2608 prodidit,
1074 2507 1246 2608 Hesychia'
1262 2522 1294 2583 et

192 2641 211 2670 ‘⁶
224 2627 347 2703 Surda
365 2633 401 2719 (a
418 2629 576 2702 Knstero
597 2633 761 2725 adhibiti)
784 2655 867 2701 eum
885 2629 1050 2701 editiones
1067 2613 1196 2701 dudum
1223 2654 1294 2700 mo-

191 2755 212 2784 “
225 2743 296 2815 liri.
349 2746 479 2838 Neque
497 2771 580 2816 vero
606 2747 774 2840 praestitit
800 2748 853 2815 vir
879 2747 1041 2816 eximius.
1095 2743 1293 2838 Supersunt

191 2863 399 2945 “tamenin
416 2871 608 2954 utrumque
628 2862 935 2956 Lexicographum
960 2870 1056 2932 notae
1077 2861 1171 2931 illius
1197 2860 1294 2930 locu-

192 2986 212 3016 “
224 2977 425 3070 pletissimae
443 2977 679 3072 Cantabrigiae
696 2962 732 3047 in
751 2977 911 3071 Collegio
927 2976 963 3047 S.
975 2977 1171 3047 Trinitatis:
1197 2977 1293 3046 unde

192 3095 401 3186 “specimen
429 3093 570 3186 aliquod
596 3094 684 3163 mihi
710 3103 794 3164 ante
821 3093 886 3164 hos
913 3116 1022 3163 annos
1049 3095 1292 3163 transmissum

191 3210 261 3280 “in
287 3209 352 3282 hac
379 3209 535 3282 editione
559 3235 763 3304 comparere
786 3211 904 3294 volui;
932 3211 1112 3280 utstatim
1137 3211 1173 3279 in
1199 3209 1294 3302 prin,-

141 3354 142 3358 ’
192 3334 212 3364 “
226 3327 328 3418 cipio,
352 3335 389 3396 et
413 3327 457 3397 ad
482 3315 780 3419 corruptissimam
806 3327 958 3420 glossam
985 3323 1140 3408 Βάδηδοι,
1163 3349 1196 3418 p.
1218 3333 1292 3416 674.

193 3441 344 3534 “Hujus
361 3443 514 3534 thesauri
539 3443 763 3513 nanciscendi
781 3443 868 3512 mihi
887 3466 964 3535 spes
981 3443 1168 3534 aliquando
1186 3443 1291 3524 facta,

193 3566 212 3595 “
226 3558 369 3626 tandem
395 3560 513 3628 nescio
532 3582 601 3650 quo
619 3560 725 3628 modo
743 3559 898 3628 evanuit.
953 3542 1083 3628 Postea
1105 3558 1149 3626 de
1172 3558 1293 3628 simili-

192 3680 213 3712 “
227 3673 292 3742 bus
310 3674 440 3745 chartis
458 3674 712 3756 Pearsonianis‚
731 3675 767 3743 iu
786 3674 977 3744 Cestriensi
996 3673 1220 3744 Bibliotheca
1244 3674 1291 3744 la·

190 3797 212 3828 ‘⁸
224 3790 392 3872 tentibus,
416 3813 474 3860 me
501 3793 640 3861 monuit
667 3790 789 3860 Nobil.
807 3789 981 3859 Jeremias
998 3788 1133 3881 Dyson,
1151 3790 1207 3859 cui
1229 3812 1293 3880 pro

191 3904 376 3998 “benigne
406 3907 526 3976 oblata
555 3929 630 3998 ope,
659 3915 701 3975 ut
734 3914 772 3974 et
811 3905 938 3975 ceteris
968 3907 1051 3975 viris
1084 3904 1292 3988 clarissimis,

190 4023 354 4113 “gratias
376 4046 442 4116 ago
463 4023 645 4092 maximas.
698 4021 994 4113 Quandoquidem
1021 4022 1117 4090 enim
1142 4021 1292 4090 nimium

190 4146 211 4174 “
225 4159 319 4205 nunc
337 4140 543 4229 processerit
561 4139 681 4217 editio,
699 4137 858 4229 adeoque
882 4161 952 4206 non
979 4137 1045 4206 nisi
1063 4139 1292 4229 posteriorem

188 4260 364 4342 “partem
391 4253 445 4322 his
471 4253 729 4324 accessionibus
758 4275 881 4322 ornare
905 4253 1038 4334 liceret,
1061 4253 1294 4323 differendum

189 4367 344 4458 “potius
361 4369 572 4451 existimavi,
590 4369 678 4437 nihil
697 4369 839 4438 interim
863 4370 958 4459 prius
975 4369 1169 4453 habiturus
1188 4393 1294 4460 quam
