3200 5058
579 351 952 416 HESYCHIANA.
1230 351 1292 416 173

294 548 399 614 ρευιιεν
416 517 543 599 ἆλῦκην,
561 515 597 599 ήυ
615 518 648 586 οἱ
663 515 790 586 πολλοὶ
807 519 872 585 τῶν
885 513 1057 595 Ἑλλήνων
1075 509 1292 610 ὀνομάζουσιν

205 623 207 626 V
295 631 385 704 ἄλυν.
411 632 470 723 (ita
485 640 547 724 leg.
571 660 637 702 non
660 629 769 724 ὅλην.)
788 629 898 706 Ἀλυς
921 635 1019 721 igitur
1041 643 1074 698 et
1089 628 1291 723 ῥιπτασμός.

296 756 370 820 Gal.
387 747 572 836 Ἀλυσμὸν,
597 747 679 845 ὅπερ
705 748 757 817 καὶ
784 745 899 817 ἅλυσίν
924 777 998 818 τινα
1024 747 1076 816 καὶ
1102 745 1291 842 άτορῖαν,ὃ

294 864 330 947 δή
361 866 412 935 καὶ
442 862 634 961 ῥιπτασμόν
662 869 811 934 καλοῦσι.
880 868 1013 954 Optime
1044 867 1142 952 igitur
1172 875 1290 945 noster,

293 979 547 1076 Βληστρισμὸς,
558 977 764 1075 ῥιπτασμός,
781 977 868 1055 άλυς.
1303 999 1318 1055 5

244 1091 380 1175 Βλητὸς
398 1107 434 1162 ut
447 1101 558 1184 Etym.
577 1121 643 1162 non
657 1093 802 1175 Βλῆτος.
826 1099 888 1163 Est
905 1099 989 1164 enim
1008 1101 1100 1185 quasi
1110 1121 1290 1182 percussus.

294 1211 475 1298 ἐβέβλητο,
493 1212 618 1297 βλῆτο,
635 1210 772 1296 βλητός.
809 1216 842 1280 Is
860 1223 968 1280 autem
985 1215 1030 1280 ita
1046 1217 1207 1280 veteribus
1225 1215 1291 1280 dic-

294 1342 358 1411 tus,
381 1355 447 1396 non
473 1331 691 1417 apoplecticus
716 1332 854 1418 proprie,
878 1354 982 1416 neque
1005 1333 1092 1416 quod
1116 1355 1154 1396 ex
1177 1333 1290 1416 quovis

294 1450 406 1513 morbo
424 1457 518 1513 acuto
536 1448 643 1512 subito
660 1448 790 1527 interiit,
808 1450 864 1512 sed
881 1450 969 1534 quod
986 1471 1026 1512 ex
1042 1449 1149 1512 lateris
1166 1449 1290 1512 inflam-

294 1566 434 1630 matione
459 1573 591 1652 repente
617 1565 837 1642 suffocaretur,
860 1565 1013 1630 livoribus
1040 1567 1081 1629 ad
1108 1566 1192 1629 latus
1219 1573 1291 1629 tan·
1304 1592 1338 1631 10

295 1702 392 1764 quam
410 1702 449 1744 ex
465 1680 561 1766 plaga
577 1679 716 1765 acceptis
734 1681 974 1766 apparentibus,
994 1682 1097 1768 Hipp.
1111 1682 1151 1744 de
1168 1681 1290 1746 ratione

293 1797 397 1860 victus
414 1797 447 1860 in
465 1796 568 1860 morb.
586 1819 632 1860 ac.
651 1820 681 1860 v.
700 1797 850 1861 Foesium
867 1797 900 1861 in
920 1798 1036 1862 OEcon.

245 1907 387 1990 Βλητοῖ.
414 1913 453 1978 L.
472 1907 637 2004 Βλήτροι.
666 1913 704 1977 ΙΙ.
723 1907 763 1978 α’.
781 1913 856 1997 678.
884 1906 1069 1991 Κολλητόν
1095 1912 1289 2007 βλήτροισι.

297 2029 405 2094 Schol.
418 2029 459 2092 V.
477 2033 549 2099 τοῖς
565 2021 651 2093 κατὰ
668 2020 728 2098 τὰς
745 2023 899 2120 ἁρμονίας
917 2025 1077 2121 γόμφοις,
1093 2036 1165 2102 τοῖς
1183 2028 1287 2096 ἐπιού-

293 2170 373 2235 ροις.
420 2146 494 2210 Ηοο
511 2153 560 2209 est
577 2147 665 2230 quod
683 2145 785 2231 Hesy.
805 2146 859 2223 eit,
878 2143 910 2210 οἱ
927 2140 961 2210 δὲ
975 2141 1138 2238 γόμφους.
1189 2150 1336 2226 Addit15

294 2261 405 2346 Etym.
429 2256 487 2352 nai·
508 2256 655 2351 βλῆτρα,
673 2256 885 2342 ἑμβλήματα,
904 2273 942 2326 ut
966 2273 999 2327 et
1023 2272 1142 2328 noster.
1194 2265 1288 2328 Eust.

292 2369 458 2454 κολλητὸν
470 2373 666 2468 βλήτροισι,
680 2372 700 2442 ὅ
711 2373 784 2442 ἐστι
803 2375 998 2460 συμβολαῖς.
1009 2388 1042 2444 et
1055 2380 1101 2444 Su
1108 2376 1184 2466 [id].
1199 2375 1290 2457 Βλῆ-

293 2519 385 2586 τρον,
403 2486 445 2560 τὸ
463 2490 661 2575 σάμβαλμα.

246 2604 402 2701 *Βληχὰ
420 2613 534 2676 AEsch.
553 2613 606 2696 78.

223 2727 264 2766 '*
279 2722 460 2819 Βληχᾶται
478 2729 644 2815 Aristoph.
666 2746 715 2813 17.
735 2751 786 2797 20.

244 2844 264 2883 ²*
277 2839 437 2935 Βληχρόν
454 2869 485 2910 v.
503 2846 650 2909 Aleaeum
670 2867 742 2931 105.

244 2953 401 3053 Βλιβρόν
419 2963 496 3047 Ety.
524 2954 684 3053 Βλιαρὸν,
702 2957 775 3027 ἀντὶ
792 2965 854 3028 τοῦ
871 2964 1004 3054 λαῦρον.

245 3073 419 3143 Βλίκανον.
458 3072 783 3170 8υ[ἰι1].Βλι’καρος.
811 3089 844 3143 at
861 3081 938 3166 Ety.
957 3075 1131 3146 Βλίκανον.
1160 3105 1188 3146 v.
1207 3077 1292 3146 Βλί-

292 3218 410 3283 ταχος.

245 3304 369 3382 Βλυιὰς
387 3313 497 3399 Etym.
517 3307 652 3390 Βλῖιιας,
671 3308 803 3404 φυλλον
821 3316 925 3390 συκῆς.
953 3310 1083 3400 Su[id].
1101 3309 1224 3404 Βλίαρ.
1302 3324 1338 3380 25

245 3421 443 3518 Βλιηχῶδες.
474 3429 561 3514 Lege
580 3430 758 3494 secundum
776 3430 940 3492 literarum
958 3430 1073 3494 seriem
1092 3423 1291 3520 Βλικχῶάες.

294 3537 466 3634 βλιχῶδες.
517 3547 597 3610 Tres
632 3546 880 3631 significationes
915 3547 1007 3610 effert
1040 3547 1225 3623 birotinum,
1260 3555 1293 3610 et

293 3669 407 3725 neutra
423 3661 553 3746 quidem
570 3671 680 3727 nostro
697 3662 856 3726 convenit.
906 3663 997 3726 lnber
1013 3662 1082 3726 illas
1100 3670 1208 3726 autem
1224 3670 1290 3726 tres

295 3777 398 3862 prima
420 3786 470 3842 est
487 3779 629 3864 Epiclis:
654 3772 815 3854 Ἐπικλής
838 3774 896 3856 μέν
918 3779 1003 3868 φησι
1026 3771 1068 3843 τὸ
1089 3773 1294 3854 λελιτασμὲ-

296 3919 347 3958 νον
364 3886 449 3971 μετὰ
469 3889 645 3981 γλοιώδους
668 3890 829 3985 ὑγρασίας
852 3887 1049 3986 ἀκαθάρτου.
1083 3897 1105 3961 f.
1124 3896 1231 3980 itaque
1248 3896 1342 3966 le-30

293 4013 446 4094 gendum,
472 4007 725 4089 λελιτασμὲνον,
752 4002 950 4102 ἀκάθαρτον.
991 4013 1144 4097 Diphilus
1169 4014 1291 4076 Athen.

296 4127 317 4190 l.
335 4149 367 4209 4.
386 4149 503 4213 p.132.
549 4119 615 4190 Διὰ
651 4119 719 4218 γὰρ
746 4119 788 4190 τὸ
818 4126 945 4204 πλῆθος
975 4127 1039 4192 τῶν
1073 4124 1153 4219 παρ’
1183 4125 1294 4198 αὐτοῖς

296 4253 412 4347 ι’χθήων
431 4249 560 4326 Πάντες
577 4237 755 4349 βλιαήώδεις
772 4256 833 4324 εἰσι
852 4255 904 4324 καὶ
921 4254 1040 4336 μεστοὶ
1058 4251 1175 4336 λάπης.
1212 4262 1293 4325 Ero-

296 4371 402 4435 tianus
432 4379 523 4435 notat
552 4369 676 4457 aliquos
703 4374 790 4459 apud
822 4373 924 4459 Hipp.
959 4372 1073 4457 legisse
1100 4394 1159 4457 pro
1196 4367 1293 4453 βλιιὲ·
