3188 5052
318 365 360 427 42
659 361 1013 426 ADVERSARIA

315 523 468 594 Ἀκὲανοι
481 575 489 593 .
504 575 533 594 ..
547 523 760 619 στρογγύλα.
810 529 906 594 Adde
926 551 966 594 ex
983 527 1070 594 AElio
1087 527 1245 612 Dionysio
1270 527 1359 612 apud
1377 533 1380 538 “

367 645 463 709 Eust.
487 638 539 708 uui
569 634 777 709 ὃνσκᾶτακτα
801 638 938 734 ὄσπρια.
964 643 1039 707 inde
1062 642 1148 707 enim
1171 640 1248 706 dicti
1272 633 1357 734 κατὰ

368 753 524 850 στέρησιν
540 758 603 824 τοῦ
618 749 743 835 κεάσαι,
761 752 782 822 ὅ
798 754 871 824 ἔστι
890 757 1039 848 θραῦσαι.
1065 759 1177 845 Etym.

316 867 459 940 Ἀκεῖον.
485 897 515 939 v.
533 867 686 951 Ἀκῖμων.

315 982 543 1065 ἶΑκέλευμνον.
559 983 607 1054 ic.
622 981 831 1054 Ἀκέλευθον.
857 983 894 1052 οὗ
911 981 1062 1068 βεβηκός.

315 1093 462 1168 Ἀκεινα.
488 1127 520 1168 v.
533 1093 686 1170 Ἀκαινα.

316 1210 525 1296 Ἀκειόμενον
546 1218 610 1284 od.
628 1210 670 1305 ξ’.
688 1220 762 1305 383.

316 1326 477 1398 Ἀκέοντο
496 1333 535 1399 Il.
553 1326 587 1398 e'.
604 1333 679 1415 448.

320 1440 568 1539 Ἀκερσεκόμης,
586 1442 605 1511 ὁ
623 1439 774 1538 ἄκαρτος.

320 1561 340 1602 *
351 1553 549 1638 Ἀκέσματα
567 1563 681 1628 AEsch.
699 1563 752 1648 38.
1373 1592 1409 1631 ιο

317 1670 506 1754 Ἀκὲσιμος.
1213 1691 1215 1695 ’

322 1783 517 1856 ’Areua-aiot
552 1786 639 1881 ὄχοι.
681 1814 712 1857 v.
745 1791 857 1877 Steph.
885 1785 1043 1870 Ἀκὲστη,
1072 1785 1170 1861 πόλις
1200 1785 1360 1861 Σικελίας.

371 1905 560 1993 Coriigendi
587 1909 694 1993 itaque
724 1909 948 1995 lexicographi,
976 1909 1031 1994 qui
1056 1899 1196 1978 ἆκιστᾶς
1222 1909 1362 1973 vehiculu

369 2023 630 2109 interpretantur.
687 2021 755 2111 [Al.
784 2047 834 2089 ex.
861 2047 891 2090 v.
920 2019 1050 2109 Su[id].
1084 2023 1119 2088 in
1139 2012 1300 2113 Ὀχανον.
1329 2043 1360 2086 v.

365 2128 486 2229 Ὀχοις
504 2131 660 2223 Ἀκεστ.]
1373 2169 1410 2230 15

322 2245 517 2344 Ἀκέστρια.
542 2277 574 2319 v.
593 2255 688 2320 Eust.
716 2255 769 2320 Gl.
786 2249 981 2347 Ἀκέστρια,
999 2253 1017 2330 ἦ
1034 2249 1275 2344 καμωτῖστρια,
1291 2273 1362 2318 our-

371 2371 521 2434 ciootriu.

314 2474 515 2574 Ἀκεστρον.

322 2593 483 2665 Ἀκεσταὶ
497 2595 565 2692 φρ.’
574 2600 613 2663 11.
620 2593 673 2664 v'.1
682 2615 731 2685 15.
744 2622 774 2665 v.
786 2593 925 2664 Ἀκᾶιαι
935 2648 942 2664 .
952 2592 1120 2684 ..λέγεται
1133 2591 1176 2673 δὲ,
1190 2598 1271 2662 mira
1280 2599 1361 2662 haec.

362 2736 393 2779 v.
408 2711 614 2778 Ἀκεσταῖοι.
629 2709 824 2780 Ἀκεσταῖοι
842 2713 928 2778 enim
946 2709 1021 2804 ὄχοι
1039 2722 1078 2776 ut
1094 2707 1255 2803 Βαρκαῖοι
1273 2707 1359 2802 ὄχοι.
1373 2729 1411 2769 20

318 2820 453 2905 Ἀκέων,
472 2817 653 2919 ἡσυχάζων.

319 2935 484 3007 Ἀκεσταὶ
503 2989 511 3005 .
527 2989 535 3005 .
551 2989 559 3005 .
574 2935 630 3006 etii.
656 2937 716 3005 καὶ,
727 2938 788 3008 eon.

322 3050 439 3134 *'Ax31
456 3064 488 3121 ct
505 3049 564 3132 ἄκη
581 3056 661 3123 Eur.
679 3073 755 3143 531.

319 3163 536 3249 Ἀκηδέδαται
554 3180 703 3256 corrupte
719 3193 779 3256 pro
794 3163 1030 3262 Ἀκηχέδᾳται.

320 3279 474 3374 Ἀκηδεῖς,
492 3278 708 3362 νεΙἈκηδέες
726 3287 765 3351 Il.
783 3280 834 3376 φ’.
850 3307 923 3373 123.
982 3352 986 3367 ι
1373 3314 1411 3375 25

319 3394 519 3478 Ἀκῆδεστοι
538 3402 578 3467 Il.
598 3393 644 3494 ζ’.
663 3403 715 3466 60.
1232 3423 1236 3428 ’

318 3510 507 3593 {Arbitrum
537 3511 585 3584 ἵσ.
611 3524 760 3602 corrupte
786 3539 846 3602 pro
875 3512 1038 3594 ἀκήλητον
1062 3526 1137 3603 post
1163 3509 1362 3593 Ἀκὴδωτος.

373 3631 448 3694 Solo
463 3631 627 3694 dislocatio
645 3651 741 3694 causa
756 3631 979 3716 corruptionis.

320 3737 472 3833 Ἀκῆραι.
497 3739 544 3809 ἵσ.
558 3733 696 3835 Ἀκραι,
710 3740 898 3834 ἀκρότητες.

322 3857 342 3897 *
354 3851 544 3948 Ἀκῆρατον
561 3859 641 3924 Eur.
659 3859 738 3927 Ione
759 3861 853 3929 1268.
871 3877 965 3948 1435.
1375 3889 1415 3947 30

304 3937 471 4063 vn'Arciptot
490 3973 528 4036 Il.
547 3967 585 4050 η’.
607 3994 678 4041 100.

319 4082 512 4178 Ἀκῆρντος.
529 4083 576 4154 ἰ’σ.
595 4084 780 4180 ἀκήρυκτος.
804 4090 870 4180 [Al.
888 4115 937 4157 ex.
955 4086 1156 4185 Ἀκῆρυκτον
1173 4093 1252 4182 Eun
1268 4087 1361 4179 588.]

319 4196 569 4292 Ἀκιανώτερον.
594 4198 641 4268 ἵσ.
670 4216 818 4292 corrupte
835 4230 894 4294 pro
914 4202 1158 4301 Ἀκιδνότερον,
1176 4209 1265 4294 quod
1281 4207 1364 4274 vide.

373 4317 437 4381 Sed
454 4325 533 4383 etv.
551 4312 705 4390 Ἀκίονες.
