3200 5058
310 360 374 426 186
649 353 1032 420 ADVERSARIA

311 523 469 620 Βρῆγμα.
496 534 646 611 corrupte
672 524 828 610 seriptum
846 525 950 587 firerat
971 544 1030 608 pro
1053 517 1183 608 βῆγμα,
1198 528 1236 583 ut
1260 519 1357 605 paulo

359 652 434 730 post
447 637 607 733 Βρῆσσει,
620 637 752 724 βήσσει.
771 663 846 704 cum
863 639 950 724 apud
969 638 1072 724 Hipp.
1090 643 1218 701 tantum
1231 629 1356 721 Βῆγμα

360 769 393 826 et
410 757 538 842 βῆσσαι
557 759 715 823 dicantur.
768 757 833 822 sed
849 779 924 820 cum
940 780 962 847 p
981 754 1136 840 scriptum
1154 753 1252 816 fuisse
1270 751 1357 836 apud

226 943 230 950 ,
361 877 465 962 Hipp.
482 883 572 962 patet
589 897 628 939 ex
647 875 720 939 Gal.
739 873 795 958 qui
812 873 857 937 ita
872 873 1123 958 interpretatur:
1150 863 1296 959 Βρῆγμα
1313 856 1357 932 τὸ

361 983 446 1070 per&
470 983 578 1080 βηχὸς
601 983 853 1066 ἆναππυόμενον,
871 997 958 1053 utet
976 981 1153 1077 Βρήσσειν.
1180 985 1237 1050 sed
1262 983 1384 1059 simul5

361 1110 454 1172 docet
471 1107 549 1171 alios
566 1106 681 1190 legisse
706 1106 774 1169 sine
791 1129 823 1195 ρ.
841 1101 917 1168 ἔνιοι
942 1096 976 1168 δὲ
999 1103 1106 1167 ταῦτα
1129 1096 1228 1190 χωρὶς
1251 1101 1312 1164 τοῦ
1335 1123 1356 1188 ρ

361 1216 544 1314 γράφουσι.
596 1222 704 1306 Atque
721 1221 766 1285 ita
783 1243 870 1284 nunc
886 1219 1023 1306 legimus
1040 1243 1073 1305 p.
1089 1234 1160 1304 150,
1175 1220 1206 1281 6.

312 1334 525 1430 Βρηνεύομαι.
550 1337 588 1400 L.
608 1331 806 1426 Βρηνυόμην.

311 1449 489 1545 Βρῆσσειν.
515 1450 665 1534 βήσσειν.
694 1452 766 1516 Gal.
785 1452 865 1516 Lex.
885 1451 988 1536 Hipp.
1005 1473 1040 1536 p.
1056 1466 1126 1535 150,
1142 1469 1174 1515 2.

312 1565 514 1661 Βρησσαῖος.
540 1593 570 1634 v.
589 1563 748 1658 Βρίσσαι.
1369 1577 1407 1614 10

311 1680 565 1775 Βρηχανῶμεναι
582 1706 642 1770 pro
660 1678 742 1774 Βρυ.

311 1791 495 1889 Βριάγκως.
522 1800 561 1864 L.
581 1790 760 1888 Βριάκχος,
778 1793 928 1890 Βριαρῶς
952 1786 1157 1888 ἰακχάζουσα
1183 1817 1222 1859 ex
1245 1795 1355 1880 Etym.

363 1905 543 2006 Βριᾶγχοις
559 1915 610 1978 vel
628 1908 778 2006 Βριαρῶς
794 1907 930 2004 βαρέος.

185 2030 190 2038 “
313 2020 481 2120 Βριάρεων
499 2029 538 2094 ΙΙ.
556 2021 598 2092 α’.
616 2049 691 2115 403.

313 2139 459 2236 Βριαρὴν
477 2137 577 2208 11.λ’.
596 2161 670 2230 375·
1370 2152 1406 2216 15

313 2253 546 2354 Βριζόμανπις.
579 2261 667 2324 Ferri
683 2268 810 2346 potest:
837 2269 945 2324 tamen
973 2259 1054 2322 forte
1081 2257 1209 2342 scripsit
1234 2247 1358 2348 Βριζῶ,

360 2369 486 2454 μάντις.
512 2401 542 2441 v.
560 2377 680 2441 Athen.
700 2377 738 2440 L.
750 2376 848 2440 VIII.
867 2399 895 2442 ο.
910 2397 941 2462 3.
960 2384 993 2440 et
1010 2376 1123 2460 Etym.

315 2487 441 2587 Βρίζει.
480 2493 568 2560 Quid
593 2501 642 2558 est
668 2488 753 2558 ricc?
816 2487 878 2558 ἕνθ’
899 2488 953 2556 οὐκ
982 2493 1021 2556 ll.
1040 2486 1079 2556 δ’.
1099 2511 1171 2576 223.
1216 2487 1282 2576 [Al.
1309 2511 1358 2554 ex.

363 2613 475 2675 AEsch.
496 2606 584 2696 πόᾳ]

314 2719 437 2817 Βρίζω.
463 2719 587 2802 κηδεύω.
614 2727 654 2790 L.
672 2719 820 2790 καθεύδω.
1371 2740 1412 2778 20

313 2836 502 2934 Βρινποιός.
520 2842 560 2905 L.
575 2835 752 2931 Βριήπυυς.
766 2841 906 2926 respexit
919 2841 1024 2904 locum
1038 2840 1173 2904 Homeri
1185 2839 1223 2903 ll.
1237 2832 1271 2902 ν’.
1283 2854 1358 2922 521.

364 2951 443 3021 Οὐδ’
469 2949 534 3048 ἄρα
563 2953 614 3020 πώ
644 2982 677 3020 τι
706 2950 860 3020 πέπυστο
889 2953 1049 3047 βριήπυος
1080 2950 1220 3046 ὄβριμος
1236 2947 1358 3042 Ἄρης.

363 3075 440 3159 Ery.
459 3067 635 3163 Βριῆπυος,
652 3067 904 3164 μεγαλόφωνος.
924 3073 1031 3137 Schol.
1050 3095 1079 3136 v.
1097 3067 1185 3158 μέγα
1203 3063 1255 3134 καὶ
1273 3064 1360 3161 βαρὺ

362 3187 461 3272 βοῶν,
479 3181 571 3280 παρὰ
588 3182 630 3254 τὸ
648 3185 764 3267 ἤπύειν,
784 3183 804 3253 ὅ
820 3185 894 3254 ἐστι
913 3189 1041 3280 φωνεῖν.
1093 3187 1195 3252 Addit
1212 3188 1322 3273 Etym.
1341 3181 1359 3262 ἢ

362 3303 467 3394 μέγας
494 3300 512 3382 ἢ
538 3298 647 3376 δεινός.
682 3306 763 3372 nihil
789 3306 916 3371 certius.
969 3306 1050 3369 Naz.
1070 3305 1177 3370 Carm.
1204 3305 1244 3368 ad
1267 3299 1408 3390 Eposr5

364 3416 481 3514 Κήρυξ
496 3416 553 3500 μὲν
571 3415 607 3499 δὴ
625 3427 702 3488 ποῖα
719 3419 888 3515 βριήπυος.

315 3532 482 3632 Βριηρὸν.
501 3588 509 3604 .
525 3588 532 3603 .
546 3563 681 3630 κεχαρ..
708 3534 771 3631 ἦρα
789 3534 908 3629 φέρων.

314 3653 485 3747 Βρῖθεται.
520 3649 716 3744 1.Βρι’θησι.
758 3647 976 3722 Od.·r'.112.
1004 3650 1141 3746 βρὶθησι
1169 3647 1205 3718 δὲ
1230 3645 1359 3744 δένδρεα

363 3772 488 3861 καρπῷ.

316 3881 503 3978 Βρῖθονσαν
518 3935 524 3951 .
539 3937 546 3951 .
561 3934 568 3950 .
582 3882 801 3976 βαρυνομένην
820 3888 860 3952 ll.
879 3881 926 3952 α’.
943 3891 1017 3973 561.
1347 3903 1351 3912 '
1369 3909 1410 3965 30

316 3995 421 4092 Βριθὺ
440 4001 478 4064 Il.
497 3994 530 4066 ε’.
552 4003 629 4083 746.

315 4112 471 4208 Βρῖκελοι
488 4165 495 4180 .
511 4165 518 4180 .
533 4112 564 4180 ἐν
583 4110 753 4206 Σερίφοις.
771 4115 866 4179 itaet
884 4115 930 4180 Su
937 4113 1013 4198 [id].
1031 4115 1065 4180 in
1080 4109 1264 4206 Σπαθερόν.
1290 4114 1358 4180 Jul.

366 4235 445 4299 Poll.
456 4233 535 4296 VII.
551 4253 601 4314 14.
619 4225 759 4322 ἐριφίοις
776 4238 813 4294 ut
839 4230 914 4294 alibi
932 4231 1031 4316 Hesy.
1084 4232 1135 4294 Ex
1152 4239 1289 4316 utroque
1306 4252 1358 4296 ve-

363 4373 419 4414 rus
440 4349 555 4414 titulus
574 4342 754 4439 Σεριφίοις.
801 4346 880 4410 Poll.
899 4346 942 4410 X.
961 4367 1013 4431 34.
1036 4355 1069 4410 et
1092 4346 1204 4432 Steph.
1223 4347 1256 4410 in
1275 4339 1360 4412 Δού-

363 4469 428 4530 λων
446 4459 553 4533 πόλις.
858 4531 861 4536 ,
1277 4532 1278 4541 ,
1369 4481 1406 4543 35
