3140 5054
314 371 335 433 4
658 367 1012 432 ADVERSARIA

314 540 336 584 ἢ*
351 531 624 629 Ἀβαρβαλεῖται
643 539 750 602 series.
823 611 825 616 .

312 647 532 746 Ἀβαρβαρέη
551 654 590 720 Il.
610 645 654 746 ζ’.
674 674 726 722 22.

306 766 334 812 '¹⁵
346 764 498 863 Ἀβαρῆς
513 794 544 835 v.
561 761 712 851 Ἀβᾶκην
729 777 761 834 et
778 761 896 852 Ἀβῆς.

310 879 537 978 Ἀβαριστὰν,
565 877 833 978 γυναικιζομένην.
865 885 968 970 quid?
992 885 1142 950 videntur
1167 887 1239 951 duae
1261 906 1355 953 voc'es

359 1002 393 1066 in
418 1024 517 1065 unam
544 1002 701 1066 conflatae.
740 997 975 1094 καθαιρομένην
999 1003 1085 1088 Hag.
1111 1001 1382 1096 καθαιρομένην.5

359 1140 390 1182 ν.
402 1111 554 1208 Ἀβρινα
571 1140 602 1181 ν.
618 1110 821 1207 Ἀβριστῆν.

302 1227 492 1325 Ἀβαρνος.
518 1256 559 1296 an
574 1226 748 1324 Ἀβαρνῖς.
774 1256 804 1298 v.
825 1233 938 1319 Steph.

306 1340 530 1430 Ἀβασάκτως
545 1347 657 1414 vitiose
675 1349 832 1434 scriptum
848 1356 1009 1434 repererat
1026 1371 1085 1434 pro
1102 1340 1336 1429 ἀβαστάκτως.

304 1459 493 1556 Ἀβαρκνᾷ,
511 1465 598 1549 κομᾷ
613 1471 676 1528 vet.
694 1465 755 1530 lex.
774 1487 826 1551 ap.
846 1465 890 1529 H.
905 1465 1018 1550 steph.
1038 1466 1136 1529 Phav.

297 1574 474 1672 ὙΑβαρνα,
491 1583 527 1645 λ.
1148 1581 1152 1588 ’
1367 1619 1402 1656 ιο

310 1691 455 1787 Ἀβαρὺ,
474 1695 503 1762 ὀ.
530 1689 715 1767 Μακεδόνες
741 1691 789 1781 (et
813 1698 847 1761 in
872 1699 933 1762 alio
958 1698 1043 1786 loco)
1068 1691 1286 1776 μακεδονίσια.
1320 1718 1352 1762 v.

359 1815 483 1879 Meurs.
503 1814 610 1878 Glose
631 1813 689 1877 Gr.
708 1814 742 1878 in
761 1807 1010 1879 Μακεδονίσιον.

294 1923 484 2010 ’Ἄβαστυν
510 1931 596 2016 Hag.
615 1923 813 2012 Ἀβαστον.
840 1953 913 2015 quae
940 1939 1120 2016 sequuntur
1147 1930 1193 1995 sic
1218 1931 1353 2015 legenda

357 2054 455 2110 sunt:
472 2038 670 2127 Ἀβαστον,
687 2038 828 2127 ἄβατον,
846 2041 1024 2127 ἆβῖαστον.
1050 2040 1234 2128 Ἀβατον.
1251 2095 1258 2110 .
1273 2041 1351 2131 Cyr.

356 2163 438 2227 Lex.
449 2155 621 2244 Ἀβατον,
639 2156 799 2241 ἆκίνητον,
816 2157 1015 2253 ἀπρόσιτον.
1057 2165 1165 2227 Anon.
1182 2153 1352 2243 Ἀβάστι-
1364 2171 1400 2236 15

354 2303 429 2356 μον,
448 2272 527 2342 ἆκιν.
546 2271 671 2367 ἆτροσ.

303 2385 501 2475 *Ἀβατον
518 2393 598 2458 Eur.
616 2409 692 2478 522.

300 2499 487 2590 Ἀβδελον.
514 2509 559 2573 ita
576 2510 652 2596 Cyr.
671 2509 750 2574 Lex.
769 2531 799 2574 v.
812 2502 1000 2592 Ἀβελλον.

303 2616 448 2705 Ἀβδίου
473 2621 582 2715 ἕρμοῦ.
619 2619 667 2688 ἵσ.
684 2617 848 2714 Ἰερεμίου.
886 2625 1032 2690 Obadias
1058 2625 1207 2689 Jeremiae
1234 2633 1351 2688 coaeta·

349 2761 460 2806 neus.
486 2733 585 2824 (Tum
602 2742 636 2803 in
654 2740 785 2804 adversa
801 2750 892 2826 parte
909 2738 1050 2828 paginae)
1071 2740 1188 2804 Gatak.
1207 2734 1349 2821 Ἀβδίας
1361 2772 1399 2812 20

354 2851 555 2946 ἑρμηνεύεται
573 2849 688 2926 δοῦλος
706 2855 789 2921 θεοῦ.
829 2857 863 2922 S.
879 2857 1015 2922 Hieron.
1031 2849 1176 2938 Ἀβδίας
1192 2857 1350 2943 interpre-

353 2947 441 3035 tatfir
457 2973 585 3036 Domini
601 2993 718 3036 servus.
744 2973 823 3036 Lex.
837 2973 923 3036 Heb.
937 2973 1035 3038 Nom.
1050 2964 1202 3052 Ἀβδίας,
1223 2965 1348 3052 δοῦλος,

354 3110 385 3151 ν.
404 3081 590 3177 Μισχαίας.

301 3195 479 3285 Ἀβελλει.
496 3197 545 3266 ἰ’σ.
563 3197 716 3293 στρέφει.
730 3211 768 3267 ut
785 3205 828 3267 sit
838 3225 914 3267 cum
927 3202 1053 3266 AEolico
1066 3203 1131 3288 dig.
1159 3204 1234 3289 Ipse
1245 3197 1348 3269 Ἀελ-

352 3319 427 3396 λῶν,
445 3315 612 3410 στρέφων.
663 3321 794 3406 Anony.
811 3313 1025 3401 Ἀβελλύσει,
1043 3315 1174 3412 στέφει.
1192 3321 1286 3386 itaet
1359 3347 1374 3385 τ
1378 3344 1395 3404 5

302 3427 463 3516 Ἀβελῖην
480 3435 582 3499 Boch.
597 3434 639 3499 G.
665 3457 699 3520 p.
719 3451 792 3522 737.

302 3544 519 3641 Ἀβέρβηλον
536 3573 567 3638 ν.
586 3544 805 3640 Ἀβύρβηλον
820 3597 828 3613 .
843 3597 851 3614 .
866 3543 1007 3640 ἐπαχθὲς
1025 3551 1071 3615 Su
1078 3549 1149 3635 [id.]
1172 3545 1324 3639 ἆτεχθὲς.

294 3659 413 3749 Ἂβιν.
452 3669 491 3732 L.
510 3660 634 3748 ’Άβιεε
662 3663 727 3750 (vel
745 3658 877 3753 Ἂβις.)
920 3667 996 3732 Var.
1016 3689 1060 3731 sc.
1077 3669 1184 3731 Abies.
1238 3666 1345 3732 Gloss.

353 3783 469 3847 Graeco
491 3774 784 3863 Barbarae,’'Assw,
810 3773 941 3859 ἐλάτην,
968 3778 1091 3860 πεύκην.
1145 3783 1253 3848 ΘΙοεε.
1272 3783 1345 3846 Lat.

353 3899 412 3964 Gr.
429 3900 527 3962 Abies
543 3888 656 3973 ἐλάτη,
675 3905 708 3962 et
726 3897 931 3962 Graeco-Lat.
950 3890 1065 3979 εἊάτη,
1083 3892 1221 3990 δένδρον,
1239 3901 1335 3964 abies.
1356 3909 1397 3966 30

299 4009 459 4098 Ἀβιόλη.
497 4013 724 4098 Interpretatio
751 4014 864 4078 mutila
890 4023 950 4079 est.
1002 4017 1123 4080 cDeest
1149 4039 1211 4080 vox
1237 4038 1346 4080 semen

351 4130 536 4217 significans
553 4129 606 4193 cui
622 4129 826 4194 assimilatur.

294 4241 417 4329 ’Άβιοι
436 4247 475 4310 Il.
495 4239 530 4310 ν’.
549 4247 580 4309 6.

722 4386 735 4415 ⁰
755 4377 788 4431 In
800 4379 844 4431 alt.
860 4395 902 4432 ex.
1005 4375 1007 4382 '
