3200 5058
565 378 952 444 HosromANA.
1060 449 1065 462 ,
1225 377 1284 442 ror

258 559 261 564 '
286 552 420 629 apparet
437 567 477 608 ex
495 545 714 630 sequentibus,
733 543 767 611 ἑκ
784 541 884 624 δῆμον
900 541 1024 622 Βατῆς.
1052 541 1286 633 Steph.Bar31,

286 652 384 736 άῆμος
408 664 466 736 τῆς
488 654 650 749 Αἰγηΐδος
676 663 791 754 φυλῆς·
817 654 860 728 τὸ
883 653 1003 727 ε’θνικόν
1025 658 1282 754 ι’πιρρηματικῶς

286 768 450 852 Βατῆθεν.

237 883 391 981 Βατῆρος
408 882 458 975 qd.

236 995 364 1076 Βαταΐς
406 1016 555 1093 corrupte
584 1010 751 1096 legebatur
780 1032 840 1096 pro
869 1003 1033 1079 Βαπταῐς.
1104 1011 1166 1074 Est
1195 1011 1307 1080 enims

286 1122 383 1187 vestis
413 1119 541 1203 βαπτῆ,
573 1124 721 1203 colorata,
751 1146 943 1209 quacunque
973 1124 1103 1208 quidem
1132 1124 1282 1203 tinctura,

284 1237 446 1324 praecipue
463 1260 617 1324 purpura.
641 1239 689 1306 Ut
701 1239 791 1324 Virg.
810 1240 1039 1323 Persarumque
1055 1246 1140 1303 ostro
1156 1246 1280 1320 vestem,
1402 1223 1406 1230 ’

284 1361 317 1418 et
338 1355 432 1418 Ootro
450 1356 592 1438 perfusa
616 1362 725 1420 vestes.
776 1356 943 1443 Aristoph.
968 1355 1082 1419 Plutor
1117 1349 1183 1420 οὔθ’
1205 1353 1281 1433 ἱμα-

284 1463 361 1534 τίων
373 1464 514 1549 βαπτῶν
527 1460 683 1542 δαπάναις
695 1473 859 1547 κοσμῆσαι
872 1464 1154 1562 ποικιλομόρφων.
1169 1472 1278 1558 Etym.

186 1667 189 1672 Ι
286 1575 422 1663 Κάλλη,
438 1576 484 1650 τά
509 1578 600 1664 άνθη·
627 1578 706 1662 ῆτά
724 1583 884 1678 πορφυρᾶ
909 1577 1036 1667 ἱμάτια,
1053 1580 1071 1662 ῆ
1089 1577 1132 1652 τὰ
1159 1580 1279 1668 βαπτὰ
1293 1617 1328 1654 ro

251 1682 254 1685 ’
284 1695 365 1790 ἔρια.
416 1691 488 1766 ‘sa
513 1701 612 1788 igitur
637 1703 765 1788 scapua
783 1703 884 1788 Hesy.
903 1695 1041 1779 Barea,
1058 1701 1280 1795 πορφιρησα,

285 1809 303 1892 i
322 1809 417 1888 ὅδοις.

236 1923 377 2004 Βάτνος.
403 1929 450 1999 ἵσ.
469 1925 594 2004 Βάτος.

235 2040 448 2136 Βατολογῖα.
477 2051 538 2114 Ρκο
557 2045 792 2137 Βοττολογίο.
844 2043 981 2121 Βάττος
998 2051 1125 2136 proprie
1142 2051 1199 2135 qui
1215 2073 1281 2115 non

285 2171 393 2250 potest
413 2165 508 2250 plane
530 2165 638 2250 eloqui
654 2167 742 2251 quod
758 2167 838 2243 vult,
856 2175 894 2230 ut
914 2158 1098 2252 μογιλάλαι
1117 2167 1173 2250 qui
1196 2189 1281 2252 raepe
1297 2195 1328 2253 ¹5

284 2302 383 2343 unam
401 2281 556 2366 syllabam
574 2281 683 2346 multis
696 2281 820 2346 vicibus
838 2281 965 2359 iterant,
978 2281 1166 2367 priusquam
1183 2305 1282 2348 unam

285 2418 395 2459 vocem
414 2407 534 2482 queant
555 2397 723 2483 integrare.
777 2399 858 2462 Inde
876 2392 1112 2482 Βαττολοηεῖν
1130 2397 1283 2462 dicuntur

285 2511 380 2574 etiam
398 2512 454 2596 qui
471 2513 568 2577 verba
585 2513 703 2599 saepius
720 2522 872 2598 repetunt
889 2513 922 2575 in
942 2513 1113 2597 loquendo.

236 2616 357 2717 Βάτρα
374 2628 396 2691 f.
415 2649 474 2712 pro
492 2621 642 2720 Βάκτρα.

183 2755 186 2762 “
235 2733 429 2833 Βάτραχος,
446 2736 602 2834 ἐσχάρας.
647 2747 720 2809 Vox
746 2754 905 2830 suspecta.
957 2744 1113 2810 Quamvis
1139 2746 1224 2808 enim
1250 2753 1282 2809 et
1294 2766 1330 2804 αα

283 2849 460 2951 βάτραχος
477 2869 510 2924 et
526 2852 656 2952 ἐσχάρα
673 2884 767 2926 voees
785 2861 850 2924 sint
866 2861 998 2925 medicis
1015 2861 1153 2942 usitatae,
1170 2863 1283 2925 ranula

229 3021 231 3024 -
284 2996 350 3038 non
368 2984 417 3038 est
434 2986 550 3040 crusta.
574 2977 613 3040 F.
629 2977 681 3062 leg
710 2969 884 3066 οελάχους.
912 2971 981 3052 Τῆς
997 2969 1136 3057 βατῖάος
1152 2971 1204 3042 roi
1221 2978 1283 3042 τοῦ

283 3081 463 3181 βατράχου
483 3088 666 3170 μνημονεύει
685 3087 930 3184 Ἀριστοτέλης
953 3089 984 3156 ἐν
1004 3097 1074 3164 τοῖς
1097 3087 1171 3182 περὶ
1195 3085 1282 3185 ζώων

283 3202 491 3294 καταριθμῶν
513 3197 595 3270 ario-(i
622 3201 654 3268 ἐν
676 3209 747 3274 τοῖς
772 3195 946 3292 σελάχεσι.
981 3204 1058 3267 Ath.
1082 3227 1115 3288 p.
1135 3205 1208 3270 286.
1237 3226 1280 3267 sc.

285 3320 307 3384 l.
323 3341 351 3388 υ.
371 3322 410 3384 de
430 3321 518 3384 Hist.
535 3321 675 3384 Animal.
1292 3346 1328 3405 οη

208 3424 211 3430 ’
236 3428 462 3528 Βατταρῖζειν
476 3485 484 3500 .
500 3487 508 3503 .
525 3485 536 3504 .
553 3432 626 3504 ἔστι
646 3431 680 3502 δὲ
697 3434 922 3528 φθέγγεσθαι.
974 3436 1062 3520 Lege
1080 3430 1282 3524 παραφθέγ-

285 3551 417 3638 γεσθαι,
434 3553 484 3617 vel
510 3553 710 3644 παρασήμως
727 3551 788 3643 φθ.
806 3552 862 3617 vei
875 3548 1002 3640 ἰσχνῶς.
1035 3551 1100 3633 [Al.
1119 3573 1167 3613 ex.
1188 3550 1281 3613 Pind.

287 3689 348 3755 230
362 3669 399 3733 C.
428 3669 492 3732 Dio
510 3669 626 3755 Chrys.
648 3671 708 3755 158
723 3667 777 3750 B.]

236 3776 409 3855 Βάττικες.
436 3807 466 3849 v.
485 3779 643 3860 Βανῆκας.

172 3919 178 3944 ³
235 3890 382 3968 Βάττος.
409 3894 445 3979 β.
463 3893 624 3988 τύραννος,
644 3891 776 3978 Λίβυες.
794 3921 848 3988 τρ.
877 3895 998 3960 Herod.
1017 3911 1137 3980 p..172.
1157 3886 1281 3974 Λίβυες
1291 3925 1328 3981 30

268 4159 363 4214 ‘Haec
382 4169 443 4232 post
461 4161 523 4214 folia
541 4159 596 4213 duo
614 4159 642 4213 in
660 4177 711 4213 ms.
730 4160 874 4230 leguntur:
901 4176 961 4229 quae
979 4175 1035 4211 non
1054 4155 1173 4211 dubitavi
1191 4163 1280 4210 tamon

228 4240 286 4306 ¹huc
299 4265 433 4318 reponere.
460 4248 543 4302 Paulo
555 4247 678 4317 superius
691 4246 831 4317 scripserat
843 4245 874 4300 P.
887 4245 905 4300 f.
919 4248 1071 4314 ποριοιῇσι,
1084 4243 1173 4300 neseio
1186 4261 1220 4298 an
1232 4261 1280 4314 pro

232 4335 402 4404 πυφννῇσι.

746 4448 768 4490 Y
