3188 5052
326 358 371 420 44
671 349 1024 426 ADVERSARIA

322 516 433 600 Ἀκμὴ
450 523 552 585 καλεῖ.
570 519 573 524 ’

320 626 495 714 Ἀκμηνος.
514 636 554 699 ll.
570 628 613 700 τ’.
632 637 704 720 163.
731 656 776 700 sc.
793 630 917 700 σίτοιο.

327 746 489 830 Ἀκμῆτες
507 751 546 815 ΙΙ.
563 745 607 816 λ’.
624 751 699 815 801.

323 860 481 947 Ἀκμητῖ,
499 860 638 942 ἀπονητὶ
656 865 742 928 Eud.
757 856 916 941 Ἀκμντὶ,
932 856 1086 955 ἆτόνω1.’

299 1039 304 1048 ,
324 973 521 1065 Ἀκμοθέτῳ
539 981 580 1046 Il.
596 973 639 1044 α’.
651 981 729 1062 476.
1376 997 1393 1056 5

325 1087 521 1174 Ἀκμονῖδην
547 1141 556 1158 .
583 1142 593 1158 .
619 1142 627 1156 .
649 1071 819 1169 *Amaras*
836 1091 944 1156 Schol.
961 1092 1003 1155 ad
1018 1091 1097 1154 Ahs
1114 1089 1229 1154 Simm.

320 1201 541 1288 Ἀκναμπτον
558 1233 590 1272 α.
599 1197 805 1272 'Ammon
825 1196 1095 1296 ΙωοἊκναφον.
1123 1193 1368 1294 (11foanoe

375 1328 476 1403 mdis,
493 1325 739 1407 ἱνιῘνίἱονιὶοαίνν,
755 1325 923 1404 impolitus.

322 1431 501 1518 Ἀκνηστις
518 1441 584 1506 od.
601 1433 639 1504 κ’.
656 1442 727 1504 161.
753 1461 784 1504 v.
803 1432 892 1502 Κατ’
909 1428 1074 1512 ἄκνηστιν.

325 1549 517 1633 Ἀκοίνησιν
534 1563 698 1642 corrupte
736 1576 795 1640 pro
827 1546 1055 1639 Ἀγκοίνησιν,
1086 1555 1158 1620 ταῖς
1192 1546 1364 1638 ἆγκαλαῖς.
1379 1584 1417 1624 10

378 1672 417 1736 ll.
434 1665 477 1758 ξ’.
496 1693 569 1758 213.

321 1777 484 1864 Ἄκουε-ις,
501 1786 519 1862 ἡ
536 1784 565 1850 ὁ.
584 1787 624 1850 Il.
643 1780 687 1874 γ’.
704 1802 779 1870 447.

325 1893 518 1966 Ἀκόλακοι.
535 1895 582 1966 ἵσ.
600 1891 826 1978 ἀκολάκευτον,
842 1901 929 1964 aliud
945 1900 1031 1964 enim
1048 1893 1216 1966 ἆκόλακοι.

325 2007 543 2081 Ἀκολαστον
554 2064 563 2080 .
575 2063 583 2079 .
595 2063 604 2078 .
615 2010 819 2106 ὑβριστικόν.

276 2157 279 2164 ’
328 2124 562 2201 *Ἀκολονθος
578 2131 724 2216 Antipho
744 2148 880 2216 115,19.
1379 2158 1415 2218 15

325 2235 497 2314 Ἀκόλους.
523 2245 633 2330 Etym.
660 2266 751 2309 vana.
777 2245 885 2330 potius
910 2244 951 2308 ab
976 2243 1061 2308 Heb.
1087 2229 1175 2314 528.
1206 2244 1364 2307 comedere

378 2359 443 2426 Od.
461 2353 501 2452 ρ’.
521 2380 594 2428 222.

329 2469 558 2554 Ἀκομιαστεΐ.
576 2469 597 2540 l.
615 2470 829 2554 Ἀκομιστῖα,
846 2470 993 2554 ἀμέλεια.

323 2581 439 2656 Ἀκον.
457 2615 489 2657 v.
506 2593 606 2677 Soph.
625 2592 728 2657 Series
744 2601 777 2656 et
793 2593 904 2677 Etym.
923 2601 958 2655 at
976 2591 1075 2676 Soph.
1092 2613 1125 2676 p.
1144 2591 1215 2676 163.
1233 2580 1325 2653 ἄκων.
1417 2586 1422 2592 ’

324 2698 464 2790 Ἀκονᾷ,
483 2705 586 2793 θήγει.
1377 2738 1416 2777 20

321 2807 491 2888 Ἀνονὸος.

325 2924 493 3010 Ἀκονητὶ.
517 2927 564 2997 ἵσ.
580 2926 729 2998 Ἀκονιτῖ
747 2958 780 2997 α.
798 2958 833 3023 χ.
856 2930 966 3006 κόνεως
982 2944 1020 3000 ut
1038 2932 1169 3022 su[id].
1186 2935 1238 3000 vel
1260 2930 1367 3004 κονίας

376 3047 427 3110 vel
442 3042 597 3117 κονῖσεως.
625 3046 814 3112 scribebant
831 3056 864 3113 et
878 3041 1048 3130 Ἀκονητὶ,
1066 3051 1122 3114 sed
1139 3072 1198 3135 pro
1215 3044 1366 3126 ἀπονητὶ,

377 3162 486 3227 Ionice
503 3187 530 3226 π
546 3170 670 3226 mutato
687 3162 721 3226 in
738 3189 767 3226 κ.

321 3270 520 3356 Ἀκοντῖαι.
535 3326 543 3342 .
558 3325 566 3342 .
580 3269 756 3370 ἆκοντίζοι.
781 3272 828 3343 ἰ’σ.
846 3272 1017 3344 ἆκοντίλαι
1035 3280 1147 3366 Etym.
1376 3308 1416 3372 25

322 3382 470 3459 Ἂκονοι.
488 3389 537 3459 ἵσ.
548 3382 719 3458 Ἀκλονον

324 3501 530 3573 Ἀκοντικόν.
547 3502 596 3572 fe.
612 3500 832 3573 Ἀκονιτικόν.
855 3531 885 3572 v.
904 3508 1017 3594 steph.
1035 3509 1070 3572 in
1083 3501 1231 3574 Ἀκάναι.
1276 3505 1280 3513 ’

324 3615 545 3688 Ἀκοννιστὺν
562 3623 601 3686 Il.
620 3614 674 3708 ψ’.
693 3626 768 3691 622.

324 3727 493 3801 Ἀκόντιον
510 3736 549 3801 ll.
567 3730 693 3822 3'.137.

325 3840 582 3942 Ἀκοράζεσθαι.
595 3850 647 3914 vel
663 3851 727 3936 leg.
735 3842 993 3944 Ἀκροᾶζεσθαι,
1005 3853 1056 3917 vel
1073 3860 1111 3917 ut
1128 3874 1226 3940 supra
1241 3842 1365 3916 Ἀκοᾶ-
1374 3879 1417 3936 30

377 3954 503 4055 ζεσθαι.
528 3987 559 4028 v.
573 3957 734 4059 Ἀκοᾶζῃ.
979 3957 982 3976 ³

323 4069 499 4168 Ἀκορραὶ,
516 4101 548 4142 v.
562 4071 719 4170 Ἀκῶριαι
736 4088 770 4145 et
783 4073 943 4172 Ἀκορνᾶ.

324 4185 538 4283 Ἀκόρεστος,
556 4187 741 4272 ἄπληστος.

326 4300 531 4398 Ἀκόρευτος,
550 4302 736 4400 ἇσᾶρωτος.
