3154 5060
314 369 379 434 226
652 371 1025 435 ADVERSARIA

316 535 590 632 Διοπαρατριβαὶ
608 540 704 606 series
721 548 754 606 et
771 540 817 605 Su
824 535 901 628 [id].

316 654 638 744 Διαπαττολευθῆσῃ
664 706 673 722 .
698 707 707 723 .
733 649 914 746 διαταθῆσρ
939 655 1106 742 Aristoph.
1134 675 1207 741 209.
1235 649 1358 744 Su[id].

365 773 476 860 Etym.

314 871 607 972 Arawe‘rredecrflar,
624 896 760 962 πεττοῖς
777 883 955 979 διαπαῐξαι.

314 999 571 1098 Διαπέφλοιδεν.
589 1031 618 1072 v.
637 1001 876 1100 Διαπέφρυδεν.
1369 1015 1387 1073 5

314 1117 543 1214 Διαπὲφρυδεν
559 1119 687 1215 ἐγείρει.
704 1118 752 1189 ἰ’σ.

313 1233 532 1332 Διαπέφροδε
547 1235 642 1330 κούρῃ
659 1241 725 1306 Od.
744 1231 788 1333 ζ’.
797 1257 851 1325 47.
876 1241 932 1304 sed
948 1239 1056 1304 omnia
1072 1241 1205 1304 confusa
1221 1246 1307 1303 sunt„

315 1355 612 1449 Διαπεφωνῆκαμεν
628 1358 673 1422 ita
689 1358 786 1422 Diod.
806 1357 869 1424 sie.
886 1357 927 1421 de
943 1351 1042 1424 librisss

313 1469 542 1551 Διαπηνικίσαι
558 1523 566 1540 .
581 1522 589 1538 .
604 1469 762 1552 ,πηνῖκηο

312 1587 587 1666 Διαπλῆσσοντες
605 1591 643 1654 11.
662 1581 718 1677 ψ’.
733 1611 804 1658 120.

311 1698 541 1785 Διαποδισμὸς
558 1715 707 1793 corrupte
723 1729 783 1793 pro
799 1699 1016 1784 Διποδισμός.

312 1820 556 1913 Διαπορθῆσαι,
575 1815 776 1913 πραιδὲῦσοιι.

311 1937 593 2031 Διαπορθμεῦσοιι,
612 1931 818 2032 διοπεράσαι.

313 2050 529 2148 Διαπραθὲειν
548 2055 586 2121 ΙΙ.
604 2049 642 2134 η’.
660 2077 713 2144 32.

293 2171 557 2263 .Διαπορῆσεων,
575 2168 799 2265 ἀμφιβολιῶν.
817 2197 848 2238 v.
866 2166 1080 2264 Διαπόρησις.
1122 2236 1125 2244 ,
1367 2195 1380 2233 ι
1386 2186 1409 2254 5·

310 2287 575 2378 Διοπρήσσουσα
593 2291 633 2354 ll.
651 2283 690 2355 α’.
709 2293 784 2378 483.
835 2377 838 2384 .

310 2403 532 2497 Διαπρήσσει,
550 2399 699 2498 διαπερᾷ.

310 2517 518 2614 Διαπρῖεται,
536 2515 719 2618 ὃιαγριᾶζει
738 2525 869 2588 Hamm.
888 2487 962 2608 382.
987 2515 1034 2590 ἰ’σ.
1055 2517 1268 2614 Διαπρῖατοι,
1286 2516 1355 2588 δια-

359 2629 507 2731 γορᾶζει.
533 2634 741 2729 Διαπρῖεται,
759 2667 794 2720 μ.

308 2745 451 2844 Διαπρό,
470 2747 509 2818 δι’
527 2748 618 2821 ὅλου.
642 2756 681 2820 11.
699 2749 738 2821 δ’.
754 2759 824 2844 138.
842 2758 900 2822 ubi
923 2766 982 2836 est,
999 2751 1064 2824 Διὰ
1087 2752 1154 2852 πρὸ
1180 2753 1214 2826 δὲ
1235 2737 1351 2828 οἵσατο
1363 2785 1404 2825 20

357 2860 409 2930 καὶ
426 2869 494 2944 τῆς.
522 2867 629 2933 Schol.
648 2861 759 2947 διῆλθε
776 2864 811 2937 δὲ
826 2868 877 2938 καὶ
896 2867 1093 2954 διὰταύτης.
1134 2877 1198 2943 sed
1215 2886 1352 2964 utroque

357 2983 454 3047 modo
471 2983 630 3050 scribitur.

306 3091 450 3189 Διοπρὸ,
468 3091 487 3164 ὃ

307 3211 510 3307 Διαπρύσιον
536 3217 575 3282 ΙΙ.
599 3212 643 3284 θ’.
664 3237 738 3306 227.
765 3213 1011 3315 διαπεράσιμον.
1039 3228 1146 3294 Schol.
1165 3278 1173 3294 .
1190 3277 1198 3295 .
1217 3222 1351 3296 διαπον-

356 3325 414 3405 τός
432 3326 546 3424 δέξιον,
566 3326 698 3430 Su[id].
718 3334 818 3427 μέγα,
836 3333 999 3434 διάτορον.
1344 3361 1400 3446 '25

305 3448 487 3519 Διαπύλιον
503 3454 603 3518 Arist.
622 3456 739 3522 OEcon.
757 3457 779 3522 l.
799 3477 829 3524 2.

305 3565 575 3660 Διαπύρσιοςριιῒ
585 3581 733 3660 corrupte
744 3582 800 3638 aut
808 3597 867 3661 per
872 3577 1064 3642 metathesin
1071 3599 1130 3665 pro
1136 3575 1349 3672 Διοπρύσιος.

304 3686 577 3778 Διαρρικνοῦσθαι
595 3689 705 3777 Etym.
1202 3703 1205 3710 ’

305 3803 463 3892 Διαριιεῖς.
481 3803 503 3868 f.
520 3799 564 3881 μὴ
581 3808 842 3892 expungendum.
1183 3873 1186 3878 .

303 3909 438 4009 Διαρκέι
570 3980 571 3983 ,
949 3989 950 3992 ,
1357 3955 1402 4012 30

301 4034 437 4123 Διαρκῆ,
455 4031 515 4126 ὀφ.

302 4142 494 4238 Διαρροῖσει
513 4150 552 4214 ΙΙ.
571 4145 617 4232 β’.
635 4169 710 4241 473.

301 4254 366 4326 Διὰ
382 4261 509 4352 ῥωπήϊα
527 4259 626 4334 πυκνὰ
645 4269 684 4334 Il.
703 4261 758 4358 ψ’.
774 4291 846 4342 122.
873 4272 980 4341 Schol.
998 4279 1039 4343 ad
1057 4279 1095 4344 Il.
1115 4273 1149 4346 ν’.
1164 4301 1234 4368 199.

299 4376 519 4474 Διαρωχμῖας.
539 4405 570 4449 ν.
587 4377 794 4479 Διάρογχας.
