3200 5058
308 339 370 405 170
652 337 1007 402 ADVERSARIA

309 499 435 587 Βῖσβη.
461 507 570 571 Maur.
590 499 770 586 Βισβαῖαν.

310 607 485 702 Βίσεκταιας.

309 740 477 838 Βίσκαρις.
501 741 549 812 fo.
568 737 741 835 Βάκκαρις.

309 854 455 950 Βίσταξ.

310 973 468 1057 Βιστῆνη.
497 971 1000 1068 1⁴¹.Leg.Bmou'›1,Opqm›5.
1027 979 1137 1065 Etym.
1365 991 1380 1050 5

310 1088 517 1188 Βιστιᾶριον.
561 1097 624 1159 Pro
650 1086 862 1186 Βεστιάριον,
889 1117 933 1159 se.
957 1098 1157 1160 Verto'arz’um.
1223 1094 1274 1156 Ita
1299 1092 1355 1178 qui

359 1212 503 1276 vestibus
533 1219 669 1297 praeerat
696 1202 900 1302 βεστιάριος,
932 1213 1022 1276 locus
1051 1235 1116 1297 quo
1147 1211 1357 1276 servabantur

358 1320 563 1419 βεστιάριον,
581 1338 619 1390 ut
634 1317 810 1403 μινσᾶλιον
826 1331 961 1392 merwale
977 1337 1010 1392 et
1026 1319 1253 1419 μινσουρᾶτωρ
1271 1347 1354 1390 mero-

359 1453 496 1522 ourator,
527 1455 560 1509 et
588 1440 731 1523 μῖτατον
760 1451 920 1523 metatum,
947 1437 1128 1522 Λιμνῖσκος
1162 1440 1353 1530 (lemurum)

358 1557 466 1632 κὶνσος
483 1584 600 1636 reuera,
618 1556 712 1625 λίνων
730 1564 806 1625 leue.
834 1553 1008 1653 Βιτράνος,
1027 1557 1193 1638 Βιτονῖκη.
1230 1553 1402 1649 Su[id].10

360 1670 561 1768 Βεστιᾶριον
591 1669 682 1767 παρὰ
710 1671 885 1752 Ῥωμαίοις
911 1672 1017 1746 τόπος
1043 1673 1119 1743 ἔνθα
1148 1677 1166 1754 ἡ
1193 1672 1352 1763 ἀναγκαία

358 1787 529 1857 ἀπόκειται
547 1789 653 1869 ἐσθής.
697 1793 817 1858 Melius
836 1794 1009 1879 Moschop.
1027 1785 1229 1884 Βεστιάριον
1245 1787 1356 1883 κυρίως·

358 1904 390 1972 ἐν
407 1903 432 1993 ᾧ
448 1901 493 1974 τὰ
511 1902 672 1990 βασιλικὰ
695 1902 854 1986 ἐνδύματα
877 1901 1125 2000 φυλάσσονται.
1177 1910 1251 1974 Hoc
1267 1909 1353 1973 enim

359 2033 408 2090 est
430 2026 518 2110 quod
536 2025 720 2112 Hesychius
745 2034 855 2090 noster
876 2027 978 2091 voluit
1003 2048 1062 2111 per
1082 2017 1126 2090 τὰ
1154 2017 1271 2101 ἱμάτια
1293 2026 1354 2090 τοῦ

357 2142 473 2207 κοινοῦ.
509 2144 618 2227 Atque
635 2144 696 2206 hoc
713 2142 843 2226 quidem
860 2164 900 2206 ex
917 2142 948 2206 vi
965 2142 1054 2206 verbi
1071 2141 1249 2227 significare
1266 2142 1399 2219 vide-15

358 2267 431 2323 ture
457 2267 491 2322 at
507 2267 617 2352 noster
633 2259 722 2322 addit
738 2258 834 2322 etiam
851 2259 938 2342 quod
956 2281 995 2322 ex
1011 2279 1087 2324 usu.
1125 2259 1250 2322 Eodem
1267 2258 1353 2322 enim

358 2377 428 2441 loeo
446 2398 510 2461 quo
527 2385 632 2440 vestes
649 2375 747 2460 regiae
763 2375 858 2438 etiam
881 2367 926 2440 τὰ
949 2373 1106 2466 χρήματα
1130 2395 1187 2439 seu
1208 2375 1354 2460 pecuniae

359 2493 612 2567 asservabaatur‚
626 2499 659 2555 et
675 2492 763 2576 quod
775 2490 970 2555 Vestiarium
988 2489 1084 2554 etiam
1101 2490 1265 2554 AErarium
1282 2491 1355 2554 suit.

359 2609 437 2674 Gul.
449 2609 567 2695 Tyrius
583 2609 604 2673 l.
620 2629 651 2674 2.
668 2609 708 2672 de
722 2607 793 2673 Bel.
807 2607 860 2672 Sa.
877 2630 906 2672 c..
924 2623 974 2693 15.
987 2609 1043 2670 Er
1058 2609 1271 2690 imperialibus
1287 2628 1355 2671 oea-

357 2727 465 2788 tioruia
480 2726 586 2788 obluta
603 2731 676 2788 eunt
686 2726 845 2806 proedicto
854 2725 923 2787 uiro
936 2745 1065 2787 munera
1081 2725 1116 2786 o'u
1128 2745 1206 2787 uuro
1218 2724 1356 2788 aestiua
1365 2748 1404 2787 20

357 2843 441 2904 ouria
458 2847 489 2903 et
498 2842 651 2922 pretiosis
668 2841 834 2922 lapidibus.
879 2839 959 2903 cod.
977 2839 999 2903 l.
1015 2839 1077 2902 XI.
1094 2839 1158 2903 Tit.
1170 2840 1249 2906 VII.
1267 2839 1288 2904 l.
1304 2860 1354 2922 14.

352 2959 517 3038 prepoaiti
533 2959 582 3020 rei
597 2959 753 3020 vestiaria
770 2957 896 3019 adrem
907 2958 993 3019 romu
1010 2957 1117 3018 cerarii
1134 2957 1283 3020 dometur
1301 2977 1354 3021 oe-

360 3075 479 3138 oedere.
530 3073 575 3136 lot
604 3071 637 3136 in
660 3071 784 3136 Notitia
808 3071 899 3136 Juris
925 3071 1050 3136 Orient.
1085 3073 1239 3155 Magistra
1268 3076 1356 3138 liuere

357 3192 453 3254 restio
478 3196 508 3253 et
534 3190 688 3272 Moyu'etri
703 3191 850 3271 priuato,
866 3195 1094 3270 procuratores
1116 3189 1298 3270 buphioruru
1323 3197 1354 3253 et

351 3313 578 3388 procuratores
603 3308 800 3390 limfioaorum
821 3314 895 3370 ruut
919 3307 975 3370 rub
1000 3307 1201 3386 dispositam
1226 3307 1378 3369 Oomitieo
1384 3331 1402 3389 5

356 3445 520 3488 sacrarum
542 3425 754 3506 laryito'ouuru,
770 3423 824 3504 qui
849 3429 922 3485 oute
939 3423 1116 3504 Profertur
1137 3415 1245 3485 erarii
1270 3423 1355 3485 dice-

358 3543 462 3618 batur,
479 3541 535 3603 rub
560 3561 620 3622 quo
645 3541 739 3604 habet
759 3540 909 3602 aeriorum
932 3540 1192 3612 vecturarum,
1219 3545 1251 3602 et
1274 3541 1356 3602 aori-

358 3659 444 3720 uiuru
461 3658 543 3735 ouri,
560 3658 709 3719 amanium
727 3655 861 3738 uryeuto'.
889 3733 890 3738 ἵ

310 3785 473 3854 Βιόωνται
492 3788 556 3852 Od.
574 3781 617 3852 λ’.
636 3803 711 3873 502.

310 3902 429 3972 Βιῶναι
449 3905 488 3970 ll.
506 3899 545 3970 κ’.
563 3921 634 3988 174.
1362 3923 1402 3979 30

307 4016 377 4086 Βιῶ
402 4029 458 4085 aut
475 4042 515 4084 ex
531 4010 618 4101 βιᾶω
634 4019 721 4103 quod
737 4021 810 4096 uim,
828 4028 884 4084 aut
906 4043 946 4084 ex
967 4015 1051 4102 βιόω
1068 4021 1156 4105 quod
1176 4023 1274 4085 ru'tom
1298 4020 1352 4084 de-

357 4146 457 4203 notat.
490 4137 534 4200 At
550 4137 611 4200 hoc
629 4158 668 4200 ex
684 4143 809 4200 neutro.
843 4138 905 4201 ast
921 4137 1020 4224 igitur
1037 4160 1075 4202 ex
1092 4130 1170 4219 βὲω,
1189 4138 1277 4222 quod
1294 4159 1353 4222 per

356 4251 545 4338 epenthesin
572 4245 660 4333 βείω,
686 4251 783 4336 idque
810 4275 849 4316 ex
876 4253 1108 4317 consuetudine
1137 4253 1351 4337 posteriorum

357 4367 545 4432 Graeeorum
575 4367 679 4453 pn‘mo
713 4369 956 4454 pronuntiatum
986 4369 1060 4434 dein
1091 4369 1246 4455 seriptum
1276 4363 1351 4449 βίω.

357 4487 460 4572 Hesy.
480 4479 578 4551 Βεῖω.
604 4485 760 4577 πορευθῶ.
813 4487 864 4550 Ita
880 4481 979 4564 λείαν,
997 4481 1081 4551 λίαν.
1358 4514 1397 4571 35
