3154 5060
532 374 929 442 HESYCHIANA.
1189 374 1254 442 259

206 530 384 630 Εἰνᾶνοχες
402 537 441 604 11.
460 533 490 605 ι’.
508 545 583 622 466.

206 646 361 749 Εἶιᾶετες
379 655 419 719 Il.
436 648 480 721 α’.
498 675 573 737 400.
713 665 716 670 “

206 765 271 836 Εἰν
284 764 439 862 Ἀρίμοις
456 771 496 836 11.
513 765 559 853 β’.
577 775 651 860 783.

195 878 308 957 Ἐἷιιας
324 909 383 972 pro
401 878 476 966 ἶνας,
495 885 597 978 νεῦρα.
623 909 655 982 ν.
674 879 769 959 Εῗνες
784 911 816 953 v.
831 883 884 953 ἵνα
902 896 935 952 et
951 879 1027 960 ἶνας.

206 995 384 1092 Εἶναι-ἔρις
401 1001 441 1064 ΙΙ.
460 994 505 1093 χ’.
521 1017 596 1096 473.
615 1029 699 1070 συνν.

207 1111 363 1188 Εἵνατος.
385 1118 499 1204 steph.
518 1111 674 1186 Εἶναι-ον.

208 1223 352 1305 Εἵνιιτος
369 1234 409 1298 ΙΙ.
426 1226 473 1316 β’.
492 1249 565 1321 295.

208 1343 272 1414 Εἷν
289 1345 411 1415 ἕλεοῖσι
430 1349 469 1414 ll.
488 1343 518 1414 ι’.
538 1365 600 1436 215
616 1350 695 1416 Sch.

207 1458 304 1538 Εῗνες
320 1488 380 1553 pro
390 1459 473 1538 Ἶνες
490 1466 556 1533 Od.
573 1459 616 1532 λ’.
636 1469 710 1535 218.

208 1576 285 1647 Εἰνὶ
303 1583 343 1648 ll.
361 1575 402 1649 θ.
418 1603 490 1670 199.

209 1691 373 1770 Εἷνοδῖοις
390 1699 429 1764 ΙΙ.
447 1693 494 1764 π’.
514 1701 586 1768 260.

209 1811 462 1908 Εἶνοσίφολλον
480 1816 519 1881 IL
537 1809 584 1898 β’.
602 1819 676 1904 633.
702 1811 816 1887 ἔνοσις.

210 1924 294 2020 Effe
310 1924 346 1998 δὲ
364 1933 403 1998 11.
421 1925 464 1997 ω’.
481 1953 552 1998 100.

210 2039 277 2112 Εἳο
295 2047 334 2112 11.
352 2039 391 2112 δ’.
407 2068 483 2130 400.

210 2156 385 2228 Εἶιοῖατο.
410 2157 457 2228 ἰ’σ.
475 2184 535 2248 pro
552 2155 689 2229 ἅνοιατᾶ
708 2154 795 2252 (sic).
1265 2175 1300 2240 15

211 2271 301 2345 Εῗοι.
328 2302 359 2346 v.
378 2272 459 2344 Eia}
475 2327 483 2344 .
498 2328 507 2344 .
521 2328 531 2344 .
545 2274 702 2370 ὀσπρίων.

211 2387 312 2472 Εἰπὲ,
329 2387 408 2486 εὖρὲ,
424 2389 511 2461 ἔλθέ.
538 2394 634 2460 Μίιιε
650 2393 949 2480 interpretationes:
968 2391 1046 2476 quid
1062 2393 1150 2457 enim
1166 2416 1254 2459 eom·

260 2533 360 2576 mune
375 2511 425 2597 τῷ
441 2507 540 2578 εἰπεῖν
557 2534 632 2576 eum
649 2507 747 2602 εὑρεῖν
769 2517 826 2574 eut
847 2503 976 2574 ἐλθεΐνῖ
1030 2507 1095 2572 Sed
1118 2510 1189 2574 haee
1214 2533 1255 2575 ex

259 2627 468 2714 grammatico
493 2627 601 2714 aliquo
625 2626 814 2692 festinanter
838 2623 1042 2710 trannefipta,
1065 2633 1143 2690 sunt
1167 2626 1254 2692 enim

260 2743 322 2808 tn‘a
346 2744 483 2830 exempl.
509 2766 583 2830 quae
605 2743 710 2808 affen'i
736 2750 814 2808 sunt
833 2740 904 2831 (sie)
927 2742 1039 2830 Etym.
1063 2735 1151 2823 ἐλθὲ,
1173 2736 1302 2821 christo

260 2852 339 2952 εὖρὲ,
356 2854 435 2952 τρία
452 2854 515 2925 εἶσὶ
534 2853 772 2939 σεσημειωμένα
790 2849 1036 2948 ὀξυτονούμενα,
1054 2855 1106 2926 καὶ
1122 2855 1200 2932 ἴσως
1215 2855 1256 2933 ὡς
1321 2865 1342 2904 ⁸

259 2972 371 3066 μακρᾷ
386 2969 656 3068 ποροληγόμενα.
690 2976 742 3040 Ita
758 2975 810 3039 ille
826 2975 861 3040 in
875 2967 1045 3042 Ἐλεῦθιοι
1063 2977 1151 3041 unde
1166 2975 1256 3041 vide·

261 3098 315 3155 tur
330 3091 420 3157 locun
437 3093 548 3178 Etym.
566 3092 785 3157 emendandus
802 3091 837 3155 in
850 3085 1028 3168 Καθῆστο.
1047 3084 1254 3183 Πρόσκειτοι

260 3202 494 3300 παροχημένος
510 3199 686 3300 ὁριστικὸς,
701 3199 753 3273 διὰ
769 3198 812 3274 τὸ
830 3200 900 3274 εἰπὲ
911 3199 1030 3296 ἔξειπε,
1044 3200 1113 3300 εὖρὲ
1128 3203 1255 3304 ἔφευρε,

262 3319 315 3390 καὶ
332 3314 472 3390 κάθευδε.
497 3317 544 3390 ἰὀ.
562 3314 715 3391 κᾶτελθε.
1266 3339 1302 3406 25

213 3432 361 3519 Εἶπὲμεν
378 3441 418 3507 ΙΙ.
436 3432 474 3518 η’.
491 3454 566 3529 373.

131 3580 136 3589 ·
214 3547 379 3624 Εἵπισκεν
397 3555 436 3621 11.
453 3548 501 3638 β’.
518 3571 592 3641 271.

214 3664 347 3740 Εἵπετο
366 3671 405 3738 Il.
422 3665 469 3755 β’.
488 3673 528 3758 67
530 3687 562 3759 5.
587 3670 625 3748 ἡκ

215 3780 370 3854 Εἵποντο
388 3788 430 3857 11.
445 3781 479 3854 ε’.
497 3803 572 3876 591.

215 3896 266 3969 Εἴ
279 3897 367 3970 ποτέ
381 3929 436 3970 τοι
455 3905 496 3972 ΙΙ.
513 3897 554 3969 α’.
572 3896 658 3993 [39.]
1265 3939 1306 3996 30

215 4017 236 4059 *
247 4010 317 4112 Εἷρ
340 4030 409 4102 ’νγ
431 4019 466 4084 in
483 4019 630 4085 Daniele.

215 4125 452 4225 Εἶραφιιῖιτης.
468 4128 628 4225 ..ἔριφος
652 4123 744 4225 παρᾶ
762 4123 810 4198 Λ.
835 4126 882 4199 ἰ’σ.
903 4124 996 4224 παρὰ
1020 4124 1158 4200 Λάκωσι
1183 4155 1258 4221 per·

265 4247 348 4314 tinet
363 4249 405 4316 ad
421 4239 563 4342 Εἷρᾶιον.
589 4256 640 4315 est
660 4247 746 4315 enim
763 4241 869 4343 Εἵρηιι
890 4256 928 4316 ut
952 4257 986 4314 et
1004 4236 1129 4342 Ἴραιος
1154 4249 1259 4317 Laco·

700 4364 752 4430 nl
770 4384 789 4433 2
