3200 5058
317 340 381 406 146
661 341 1024 406 ADVERSARIA

319 505 444 576 Βαῖκαν
461 512 504 576 N.
524 513 563 576 1..
588 505 687 592 (Tum
705 533 849 598 suprasc.
866 507 914 578 ίσ.
933 506 1011 591 Βαί,
1028 504 1113 590 κᾶν.)

319 620 482 697 Βαίκνλος
498 627 543 692 Ν.
561 628 601 692 L.

320 734 510 836 Βαιμᾶζειν,
538 766 614 808 cum
641 735 828 836 βαστάζειν
860 743 977 822 reddit,
1011 745 1142 809 omnino
1176 752 1363 829 corruptum

368 859 495 922 videtur
506 881 566 945 pro
579 850 773 952 Βλιμιίζειν.
805 860 920 924 Facilis
932 859 1019 925 enim
1032 881 1119 924 error
1131 859 1216 924 inter
1227 862 1257 923 A
1268 867 1302 923 et
1315 851 1361 923 A.

320 968 489 1052 Βαίμεναι.
516 976 555 1040 L.
574 970 776 1053 Βαινέμεναι.
1373 975 1389 1035 5

320 1085 433 1168 Βαίνη.
461 1092 524 1156 Pro
541 1087 650 1169 Βλίμη
668 1101 827 1177 corrupte.

319 1200 458 1274 Βαίνειν.
482 1208 522 1298 φ.
541 1234 569 1272 κ.
588 1181 741 1301 βιβᾶζειν
759 1234 795 1271 π.
813 1234 850 1274 π.
870 1205 963 1272 Prius
980 1229 1039 1292 pro
1056 1201 1186 1272 σαίνειν.

319 1317 441 1388 Βαΐνον
459 1323 498 1389 Il.
514 1317 562 1406 β.
573 1340 648 1411 510.

318 1433 485 1505 Βαίνοντα
503 1440 568 1505 Od.
587 1433 627 1506 (ί.
645 1442 720 1526 653.

319 1548 476 1633 Βαίομαι.
520 1556 608 1620 Male
625 1564 794 1642 acceptum
811 1577 871 1640 pro
889 1548 1028 1629 Βείομαι
1047 1554 1086 1618 11.
1104 1547 1149 1644 χ’.
1166 1575 1241 1641 431·
1267 1555 1413 1626 Eust.10

366 1667 481 1737 τέκνον
497 1665 534 1736 τί
551 1698 584 1736 νυ
605 1667 749 1753 βείομαι.
774 1666 933 1736 τοιπέστι
951 1666 1127 1752 βιώσομαι.
1153 1693 1185 1735 v.
1213 1665 1362 1748 Βείομαι.

368 1787 475 1852 Schol.
493 1796 556 1852 vet.
574 1782 610 1852 τί
632 1813 665 1852 νυ
687 1783 831 1868 βείομαι,
849 1780 921 1851 ἄντί
945 1786 1006 1851 τοῦ
1027 1783 1069 1856 είς
1086 1781 1122 1849 τί
1137 1781 1186 1851 ἔτι
1204 1783 1325 1868 βιώσω,
1343 1781 1364 1850 ὅ

367 1897 440 1966 ἐστι
459 1891 614 1994 ζήσομαι.

319 2009 434 2083 Βαιὸν.
465 2018 503 2082 F.
530 2011 759 2109 Γραμματικοὶ
778 2010 838 2104 [sc.
857 2038 916 2102 pro
936 2007 1105 2108 γρόμμα].
1158 2017 1280 2081 Mirum
1306 2040 1364 2082 au·

366 2142 433 2198 tem
454 2134 549 2198 unde
575 2133 648 2218 quis
674 2133 719 2197 ita
746 2132 888 2217 accipere
917 2141 1027 2218 posset
1055 2134 1142 2218 apud
1169 2133 1361 2218 Sophoclem
1375 2150 1410 2206 15

368 2250 446 2314 (Εὰ.
463 2251 541 2336 Tyr.
574 2272 607 2335 p.
622 2250 693 2334 169.
746 2249 1010 2333 Expungendum
1045 2241 1088 2323 δὲ,
1118 2256 1152 2312 et
1180 2250 1363 2313 addendum

368 2364 588 2450 sequentibus.
628 2364 814 2428 Eudemus:
859 2355 974 2442 Βαιὸν,
997 2358 1125 2450 ὀλίγον,
1147 2359 1271 2456 μικρόν.
1296 2359 1364 2429 Σο-

367 2481 506 2573 φοκλῆς.
852 2541 854 2544 .
1011 2580 1014 2586 Ι
1579 2519 1581 2594 p

317 2592 460 2675 Βαιθῆλ.
485 2597 615 2683 Anony.
634 2587 799 2673 Βαιθάλη.
817 2593 835 2660 ὁ
853 2589 940 2668 οίκος
957 2595 1042 2662 θεοῦ.
1083 2597 1262 2682 Utrobique
1280 2592 1363 2662 Βαι-

367 2711 442 2790 θὴλ.
469 2712 554 2778 Gen.
572 2712 680 2777 xxviii.
696 2728 746 2796 17,
767 2733 817 2798 19.
835 2736 865 2778 v.
885 2704 1013 2804 Λοῡζ.
1375 2740 1413 2778 20

317 2823 426 2894 Βαιῶν
446 2878 454 2894 .
475 2876 482 2891 .
503 2877 511 2893 .
532 2876 540 2892 .
560 2823 720 2917 βαρκαΐον
742 2822 823 2917 ὄχος
843 2851 874 2894 v.
908 2822 1096 2918 Βαρκαίοις.
1123 2831 1146 2894 f.
1173 2823 1286 2894 Βαίον.
1314 2826 1362 2914 (in

367 2946 438 3010 adv.
464 2966 539 3030 pag.
565 2943 674 3029 script.
709 2937 819 3009 Βαιιίν
843 2939 890 3009 ίσ.
917 2967 975 3030 pro
1003 2939 1125 3010 Βαλῶν
1147 2953 1306 3031 corrupte.
1332 2966 1362 3011 v.

368 3061 468 3146 Soph.
491 3060 598 3124 Schol.
624 3083 657 3145 p.
685 3081 756 3142 114.
805 3053 915 3125 Βαιῶν
939 3055 1116 3150 Βαρκαίοις
1132 3057 1235 3152 ὄχοις,
1255 3054 1363 3145 Λιβυ-

328 3233 331 3240 .
364 3179 443 3246 κοῖς.
487 3176 594 3241 Meur.
625 3175 666 3240 ad
687 3169 1036 3266 .8ορ11.Αιχμαλωτ.)

316 3283 399 3361 Βαῒς
417 3338 426 3355 .
446 3340 453 3356 .
474 3341 482 3356 .
499 3286 550 3355 καὶ
569 3282 678 3373 βιίϊον.
692 3291 737 3356 ita
754 3314 798 3356 sc.
812 3286 865 3376 (ut
877 3293 965 3378 apud
976 3291 1101 3381 Etym.)
1117 3292 1224 3358 Gloss.
1236 3295 1360 3371 Palma,
1373 3325 1410 3383 25

314 3515 465 3588 Βαίτιον.
487 3547 519 3589 v.
543 3517 791 3600 Δικταμνοειδὲς
808 3533 841 3588 et
858 3518 1100 3616 Γληχονοειδές.

314 3631 452 3716 Ranae,
477 3634 606 3716 εὐτελὴς
623 3638 711 3726 γυνή.
730 3663 760 3706 v.
779 3633 934 3705 Βαιτιίιία
951 3649 984 3705 et
1001 3635 1165 3707 Βαιτῶνα.
1184 3664 1248 3706 non
1265 3643 1360 3719 nuda,
1494 3715 1502 3730 .
1579 3657 1581 3736 ι

364 3753 421 3816 sed
446 3749 548 3840 βαίτῃ
583 3755 707 3818 vestita.
752 3756 841 3822 Quid
871 3750 980 3833 Βαίτη
1006 3779 1036 3821 v.
1059 3759 1116 3822 Ar.
1141 3756 1217 3823 Soh.
1241 3778 1301 3844 331
1327 3759 1359 3824 b.

365 3866 611 3959 (λεμμα)
1369 3890 1409 3947 ³0

312 3984 331 4023 ’ί
347 3978 467 4062 Βαίτη.
491 4009 522 4051 v.
539 3979 694 4075 Ὀίσχαι.

311 4093 429 4164 Βαίων.
461 4097 552 4191 ἰχθῦς
585 4094 690 4170 ποιός.
726 4101 778 4166 Sc.
815 4103 964 4181 blennuS,
1006 4113 1093 4170 teste.
1123 4108 1233 4192 Etym.
1274 4110 1360 4174 unde

361 4215 581 4280 emendandus
598 4217 706 4281 Anon.
732 4225 851 4282 noster.
869 4211 990 4297 Βαιών,
1009 4217 1110 4310 ἰχθῦς,
1134 4217 1223 4286 ὁκαὶ
1242 4218 1359 4302 κλίνας,

358 4329 592 4421 παραπλήσιος
617 4327 736 4415 κωβιῷ.
765 4333 804 4398 L.
826 4329 972 4414 βλέννος,
995 4332 1068 4423 (seu
1097 4337 1205 4422 potius
1233 4333 1359 4417 βλίνος,
