3188 5052
555 373 952 443 HESYCHIANA.
1233 375 1278 444 98

222 531 350 628 ’Άπαξ
365 540 429 608 Οᾱ.
446 534 491 616 μ’.
510 561 562 610 22.

228 648 389 744 Ἀπαξοῖ.
413 651 460 725 ἰ’σ.
471 649 665 722 Ἀπαλλαα
682 679 713 721 v.

229 762 492 862 Ἀπαράκληπος
509 772 590 837 Poll.

230 878 529 977 Ἀπαρᾶλλακπον,
547 881 666 952 ἆναλλ.

228 995 427 1082 Ἀπαπᾶλη,
446 999 603 1082 &ravani
1286 1032 1303 1096 5

228 1112 458 1210 Ἀπαπῆτρια,
476 1119 574 1207 ἤγουν
590 1114 812 1210 ἆπαντῆτρια,
829 1111 929 1214 ἆλαζ.
947 1114 965 1198 ἦ
982 1146 1018 1198 μ.

228 1226 408 1326 Ἀποῖραξε
421 1235 460 1299 11.
471 1227 516 1298 π’.
527 1237 597 1299 116.
609 1227 767 1325 Ἀνπικρὺ
778 1228 804 1300 d⁶
816 1227 977 1328 ἀπάραξε.
990 1237 1099 1303 Schol.
1111 1227 1277 1325 ἀπέκοψε.

233 1342 535 1442 Ἀπαραποιλῖστως
553 1349 599 1414 Su
606 1346 683 1437 [id].

230 1456 485 1556 Ἀπαρᾶσημον,
503 1459 593 1530 ἆσνν.
615 1465 716 1551 quid?

155 1637 156 1640 ,
228 1571 486 1671 Ἀπαρᾶντηπα.

231 1687 432 1787 Ἀπᾶραπον
446 1743 454 1760 .
469 1741 477 1758 .
491 1689 695 1786 ἆπὲρασπον.

233 1802 472 1904 Ἀπαρᾶχντος
489 1836 617 1903 προσπ.

228 1919 481 2020 Ἀπαρᾶβαπον
497 1926 586 1994 Heb.
604 1919 663 1994 ἅπ.
681 1928 782 2014 quid?
796 1923 856 1995 ‘'icr.
872 1913 1061 1997 ἄπλαστον.

230 2036 515 2134 Ἀπαρὲσσασθαι
535 2043 574 2110 ΙΙ.
592 2037 635 2108 τ’.
654 2043 725 2129 183.

231 2151 506 2249 Ἀπαρθὲνενπος.
1292 2189 1325 2253 15

231 2267 482 2364 Ἀπαρθένεντα
498 2295 558 2359 pro
576 2267 669 2364 Σοφ.
686 2273 709 2340 l.
728 2266 915 2364 Εὐριπίδης.
947 2272 1063 2362 [Addit
1080 2276 1120 2340 el.
1137 2297 1208 2342 ern:
1238 2277 1279 2340 In

284 2390 339 2454 iile
359 2391 445 2454 enim
462 2391 627 2477 Euripidis
644 2392 812 2476 Tragoedia
834 2392 982 2477 legimus,
1000 2386 1120 2457 Βούλει
1147 2419 1192 2457 νιν
1217 2388 1280 2458 ἱκέ-

285 2531 345 2582 την
377 2498 438 2570 σὸν
464 2499 661 2597 περιπτύξαι
696 2500 796 2594 γόνν;
823 2500 1073 2596 Ἀπαρθένευπα
1106 2499 1164 2583 μὲν
1193 2498 1278 2572 rdd’.

287 2621 420 2686 Frustra
446 2622 545 2709 igitur
572 2623 737 2687 Meursius
766 2645 806 2688 ex
831 2623 893 2686 hoc
918 2622 989 2686 loeo
1017 2621 1220 2707 Iphigeniam
1244 2622 1280 2686 in

286 2737 402 2802 Aulide
425 2737 508 2802 inter
531 2737 724 2824 Sophoclees
748 2746 905 2816 numerat,
923 2745 961 2801 ut
977 2744 1010 2800 et
1033 2745 1107 2801 ante
1124 2759 1199 2800 eum
1217 2735 1279 2800 Ca·
1290 2751 1328 2793 20

285 2853 460 2917 eaubonus.
513 2853 688 2939 Sophocles
709 2877 808 2918 unam
828 2853 1016 2939 tragoediam
1038 2853 1166 2930 fecerat,
1184 2860 1223 2916 ut
1248 2860 1281 2916 et

287 2968 483 3054 AEsehylus:
509 2969 682 3055 Euripides
707 2971 800 3034 duas·
849 2970 946 3034 Unde
967 2968 1095 3033 videtur
1117 2968 1280 3033 distinctio

286 3086 344 3160 τῆς
359 3079 392 3148 ε’ν
408 3078 528 3150 Αὐλίδι
546 3094 580 3150 et
594 3081 627 3150 ἐν
645 3079 813 3178 Ταύρων]

232 3189 401 3291 Ἀπαρῖνη
415 3247 424 3265 .
437 3249 447 3266 .
460 3192 669 3292 ὀροβάγχην.
704 3202 769 3266 Sed
785 3225 815 3266 v.
832 3200 1044 3266 Nicandrum.
1060 3223 1092 3266 v.
1111 3201 1279 3265 Bodaeum.

232 3307 421 3407 Ἀπαρκίας
438 3316 534 3381 series
550 3317 714 3381 literarum
730 3317 882 3403 postulet.
908 3317 1003 3382 Eunt.
1025 3331 1118 3403 1535,
1137 3319 1187 3380 16.
1292 3331 1328 3397 25

238 3422 465 3523 Ἀπαρπῆααι.
483 3457 519 3522 χ.
537 3425 566 3496 d.
584 3425 803 3523 Ἀπαρπίσαι,
820 3431 1006 3521 πληρῶσαι.

238 3537 420 3637 *Ἀπαρτὶ
438 3546 605 3632 Aristoph.
625 3549 677 3616 26.
699 3569 732 3612 v.
751 3548 842 3613 Erot

238 3650 389 3751 Ἀπαρτὶ
406 3661 498 3726 Erot.
517 3663 639 3730 Herod.

237 3766 429 3866 Ἀπαρτίαν
446 3772 569 3866 Su[id].
586 3778 643 3863 qui
659 3786 692 3842 et
707 3773 806 3850 τέλος
822 3773 1037 3870 ἆπαρτισμοῦ
1053 3779 1161 3845 hebet.
1197 3779 1283 3867 Hip-

288 3913 376 3976 poor.
391 3883 599 3983 Ἀπᾶρπισιν
615 3909 691 3978 474,
710 3914 763 3963 22.
1122 3904 1124 3910 ’
1292 3917 1331 3973 30

237 4003 259 4044 ³*
270 3998 474 4100 Ἀπαρτῖζει
492 4009 606 4072 AEsch.
626 4024 677 4096 79.

239 4118 259 4158 *
271 4112 439 4212 Ἀπαρίνη
456 4145 488 4189 ν.
508 4122 625 4190 Galeui
642 4125 723 4190 Lex.
743 4147 774 4189 v.
792 4119 983 4192 Φιλίππιον.

230 4227 380 4302 “Anaua
395 4285 403 4300 .
421 4285 427 4301 .
445 4232 598 4329 ,Κρῆτες
614 4240 656 4303 ed
673 4240 760 4305 eliud
777 4242 969 4306 vocabulum
986 4241 1136 4327 pertinet.
1189 4242 1284 4306 Forte

299 4344 494 4420 Απᾶσιτον.
