3200 5058
312 361 376 428 160
641 359 1034 428 'ADVERSARIA

360 555 427 617 quc
444 555 483 598 ac
499 535 576 598 rubo
597 537 785 617 οοίἱὶριιιιίιιν
800 525 989 618 intelliyena,
1006 556 1043 599 ac
1063 533 1102 616 si,
1119 556 1194 599 cum
1218 556 1278 622 pro
1295 533 1357 621 Sy-

359 647 492 714 caminis
510 650 686 736 AEschylus
703 671 793 713 mora
809 649 945 729 dicebat,
962 650 1138 736 intelligere
1160 650 1301 737 potuerit
1317 672 1352 714 ea

359 758 432 851 quae
454 787 495 830 ex
515 766 605 830 rubis
623 758 721 830 sunt:
739 766 883 832 ridicule.
927 755 1031 833 'Mora
1048 789 1136 832 nunc
1160 789 1221 854 pro
1245 768 1354 832 fructu

356 884 449 963 mori,
472 883 538 948 sive
562 883 727 969 sycamini,
752 905 839 948 nunc
864 904 923 970 pro
948 884 1056 948 fructu
1080 884 1154 948 rubi
1179 885 1351 960 dicuntur3

358 1009 393 1064 at
425 1021 500 1064 eum
532 1023 592 1086 pro
623 1001 778 1087 sycamini
804 1001 912 1064 fructu
942 1000 1059 1065 dicitur
1088 999 1163 1090 (sic)
1193 1023 1252 1087 pro
1280 1000 1353 1064 rubi
1362 1013 1380 1079 5

357 1117 467 1181 fructu
482 1117 617 1202 intelligi
634 1139 700 1183 non
718 1117 849 1182 debent.
890 1117 1030 1182 Bodaeus
1047 1118 1173 1203 putavit
1191 1117 1353 1182 Pollucem
1373 1115 1376 1120 ⁸

313 1229 317 1237 ‘
359 1229 463 1298 dicere
479 1234 672 1318 AEschylum
694 1255 784 1298 mora
800 1233 854 1296 illa
870 1255 943 1318 quae
966 1243 1044 1298 sunt
1065 1255 1105 1298 ex
1126 1233 1208 1298 rubo
1224 1256 1354 1298 vocasse

359 1341 527 1425 συκάμινα.
563 1349 661 1413 “Sed
678 1341 884 1426 συκάμινον,’.’
901 1349 1017 1434 inquit,
1035 1353 1056 1384 ‘⁶
1068 1349 1141 1414 rubi
1157 1349 1298 1414 fructum
1312 1351 1353 1414 ab

359 1467 503 1552 “aliquo
525 1474 674 1531 vocatum
702 1488 795 1551 nego.
846 1467 1023 1550 AEschylus
1052 1465 1246 1552 sycaminon
1273 1467 1353 1530 dixit

358 1586 380 1618 “
395 1584 477 1647 mori
493 1583 635 1646 fructum
652 1603 731 1659 esse,
750 1582 807 1645 sed
824 1603 890 1645 non
911 1578 1017 1646 rubi.''
1068 1581 1120 1644 Ita
1140 1588 1225 1645 recte
1244 1581 1401 1645 Pollu-10

357 1722 439 1764 cem.
454 1699 549 1784 cepit,
577 1699 634 1762 sed
661 1698 801 1762 Bodaeus
828 1697 955 1783 turpius
989 1697 1114 1762 erravit.
1172 1698 1248 1762 Non
1276 1697 1353 1762 dicit

358 1814 474 1878 Pollux
490 1812 684 1898 AEschylum
701 1805 857 1890 συκάμινα
875 1836 934 1900 pro
954 1814 1062 1878 fructu
1079 1814 1152 1878 ruhi
1168 1836 1351 1900 usurpasse,

358 1931 415 1995 sed
436 1952 510 1994 cum
532 1930 616 1993 inter
632 1930 721 1994 cibos
744 1921 901 2006 συκάμινα
918 1939 1128 2009 numerasset,
1146 1931 1224 1995 dicit
1249 1953 1286 1996 ea
1310 1932 1351 1996 ab

357 2047 513 2132 AEschylo
540 2040 628 2135 μόρα
659 2045 755 2110 etiam
784 2046 953 2110 nominari.
987 2047 1094 2112 ταῦτα
1125 2039 1159 2112 δὲ
1184 2041 1236 2111 καὶ
1263 2040 1351 2138 μόρα

356 2157 531 2253 Αἰσχύλος
553 2157 731 2240 ὠνόμασεν.
784 2158 824 2225 Id
846 2163 934 2246 quod
951 2184 991 2226 ex
1007 2163 1129 2227 Athen.
1152 2163 1248 2228 etiam
1270 2163 1398 2241 didi-15

356 2280 479 2345 cimus:
512 2274 600 2370 μόρα
628 2272 662 2344 δὲ
686 2270 730 2344 τά
757 2270 915 2356 συκάμινα
942 2273 995 2343 καὶ
1025 2276 1104 2370 παρ’
1130 2273 1294 2371 Αἰσχόλῳ
1320 2275 1351 2343 ἐν

356 2389 481 2489 Φρυξὶν
502 2391 556 2462 ε’τὶ
582 2398 644 2462 τοῦ
661 2389 841 2490 Ἕκτορος·
866 2388 969 2486 Ἀνὴρ
987 2389 1013 2459 d'
1033 2391 1146 2482 ἐκεῖνος
1172 2392 1208 2474 ἦν
1233 2392 1352 2461 πεπαί-

354 2540 450 2607 τερος
476 2510 595 2605 μόρων.
647 2514 723 2578 Νοιι
750 2513 849 2598 igitur
876 2534 964 2576 mora
988 2513 1164 2599 AEschylus
1194 2503 1350 2591 σνκόμινα

354 2632 445 2710 dixit,
461 2653 566 2716 neque
583 2631 645 2694 hoc
662 2629 764 2694 voluit
781 2629 906 2709 Pollux,
925 2630 981 2693 sed
998 2619 1156 2706 συκάμινα
1179 2630 1351 2715 appellavit

354 2742 452 2838 μόρα.
512 2747 628 2831 Neque
654 2768 729 2810 vero
759 2747 888 2830 quando
916 2745 1079 2832 Sycamini
1107 2748 1232 2811 fructus
1261 2742 1349 2839 μόρα
1361 2767 1398 2806 20

355 2864 445 2943 dixit,
462 2887 499 2928 ea
524 2886 597 2949 quae
623 2885 663 2926 ex
687 2863 769 2947 rubo
795 2863 990 2949 colliguntur
1010 2864 1177 2944 intellexit,
1194 2866 1251 2929 scd
1275 2865 1350 2929 licet

354 2976 429 3044 alibi
448 2973 535 3071 μόρα
561 2979 657 3044 etiam
678 3001 738 3065 pro
760 2978 833 3044 rubi
855 2980 962 3044 fructu
978 2989 1186 3067 usurpasset:
1212 2989 1348 3066 utroque

353 3097 440 3162 enim
456 3097 552 3162 modo
569 3097 649 3160 illud
665 3097 859 3162 vocabulum
875 3098 1052 3183 usurpavit.
1076 3090 1174 3169 οὕτως
1191 3092 1287 3164 εἰπὼν
1302 3090 1347 3164 τὰ

353 3208 386 3276 ἐκ
408 3215 465 3290 τῆς
491 3202 788 3294 litimiacum
816 3214 893 3277 alibi
921 3215 1016 3276 etium
1040 3215 1112 3278 rabi
1128 3215 1277 3304 fluctum
1300 3217 1348 3279 ita

350 3333 549 3414 appellasset.
601 3329 646 3394 Et
671 3330 759 3394 hunc
784 3352 854 3394 esse
880 3351 1012 3393 sensum
1030 3329 1169 3394 Pollucis
1194 3338 1284 3418 patet
1308 3355 1347 3396 ex
1358 3357 1393 3416 25

352 3447 391 3511 iis
413 3469 486 3531 quae
509 3453 690 3530 sequuntur
711 3443 799 3532 apud
820 3445 941 3510 Athen.
964 3437 1026 3508 Ἐν
1044 3436 1078 3509 δὲ
1095 3439 1271 3537 Κρήσσαις
1294 3443 1346 3512 καὶ

351 3555 436 3628 κατὰ
453 3566 511 3640 τῆς
527 3553 646 3645 βάτον·
666 3554 803 3633 [leucoia
820 3588 859 3627 τε
876 3553 945 3652 γὰρ
957 3555 1091 3652 μόροισι
1109 3554 1160 3625 καὶ
1177 3557 1348 3652 μελαγχό-
1426 3551 1428 3556 Χ

351 3674 424 3756 μοις
441 3673 510 3742 Καὶ
528 3674 772 3770 μιλτοπρέποις
788 3673 942 3768 βρίθεται
960 3677 1084 3742 σαυτοῦ
1099 3671 1230 3769 χρόνον.
1281 3679 1347 3743 Ga·

351 3797 452 3858 taker.
470 3793 509 3858 ex
528 3795 574 3860 H.
589 3795 637 3859 St.
654 3817 713 3880 pro
736 3786 882 3872 καλάμης
904 3795 926 3860 l.
945 3789 1125 3871 σνκαμῖνης,
1151 3817 1211 3880 pro
1235 3789 1345 3886 μορῖα,

349 3902 448 3998 μόρα.
480 3904 615 3994 [Alex.
635 3907 814 3994 Pind.51.]
1354 3941 1394 3998 30

300 4021 453 4091 Βατίεια.
481 4025 521 4090 ΙΙ.Ι
537 4019 588 4108 β’.
605 4027 678 4112 813.
705 4019 773 4113 [Al.
793 4047 842 4088 ex.
861 4024 926 4088 Dio
944 4024 1060 4112 Chrys.
1081 4041 1140 4112 157
1159 4022 1215 4111 A]

299 4136 446 4230 Βατιθῇ.ι
460 4143 539 4228 Leg.
551 4133 712 4228 Βατιάκῃ.
736 4135 855 4205 Athen.
873 4142 940 4224 484
951 4141 992 4205 E.
1011 4135 1251 4234 Τραγόλσφος,
1269 4137 1345 4234 τρί-

349 4285 432 4337 στιι,
451 4250 606 4341 βατιάκη,
625 4255 820 4350 λαβρώνιος.

299 4370 475 4453 Βατιῆθεν.
500 4399 532 4441 υ.
551 4377 674 4441 Meurs.
698 4369 739 4439 de
765 4375 896 4460 Populis
913 4376 982 4438 Att.
1018 4375 1058 4440 L.
1077 4369 1238 4457 Βατῆθεν,
1256 4378 1344 4463 quod
