3200 5058
585 359 971 422 HESYCHIANA.
1240 359 1302 424 147

306 525 351 589 its
375 524 460 590 enim
480 524 671 609 postsn'ores
696 524 802 590 Graeci
826 524 980 589 sctibunt.
1011 519 1140 610 Su[id].
1168 518 1300 602 Βλίνος,

307 631 389 710 εἶδος
411 634 531 730 ἰχθύος.
584 640 659 726 Ipse
676 642 806 727 Anony.
825 634 954 717 Βλῆνος
970 637 989 705 ὁ
1006 635 1170 732 τύραννος,
1187 636 1301 722 βλίνος

307 752 326 820 ὁ
344 753 461 845 ἰχθῦς.)
492 756 569 819 Νοα
586 757 674 842 quod
691 750 812 838 βαιόνα
828 759 969 821 biennum
986 779 1055 822 esse
1072 757 1299 833 contenderim,

306 871 371 935 imo
400 871 509 956 potius
536 872 682 937 existimo
710 873 940 959 Etymologum
967 873 1169 957 reliquosque
1196 895 1301 958 gram-

307 987 440 1052 maticos
468 989 624 1052 hactenus
651 990 801 1074 deceptos
828 1011 908 1068 esse,
934 989 991 1074 qui
1017 989 1051 1052 id
1077 1011 1143 1053 non
1172 989 1326 1058 aliundes

306 1103 456 1170 statuisse
473 1103 622 1170 videntur
643 1127 739 1188 quam
762 1126 802 1168 ex
818 1105 988 1182 Athenaeo,
1016 1101 1063 1191 [p.
1078 1106 1140 1171 288
1158 1100 1214 1190 A.]
1245 1105 1301 1189 qui

306 1226 381 1304 post
411 1219 591 1283 Belennum
620 1242 676 1284 seu
706 1220 869 1284 Blennum
899 1241 995 1283 suum
1025 1220 1183 1284 Baecuum
1211 1241 1299 1283 men·

306 1335 427 1399 tionem
449 1335 536 1413 facit,
561 1357 627 1400 non
649 1343 758 1399 tamen
787 1335 949 1400 Blennum
976 1335 1130 1399 Baecnem
1151 1343 1299 1400 vocatum

306 1451 430 1530 asserit,
445 1460 493 1515 ‘ut
510 1451 720 1516 Grammatici
741 1451 864 1530 volunt,
882 1452 938 1515 sed
963 1451 1071 1536 potius
1093 1450 1298 1516 eontrarium.

307 1559 519 1659 Ἐπίχαρμος
545 1560 579 1631 δὲ
603 1563 635 1630 ἐν
653 1559 773 1647 Ἥβας
799 1558 896 1653 γάμῳ
924 1559 1065 1636 Βαίονας
1093 1557 1184 1636 τινὰς
1207 1562 1299 1655 ἰχθῦς
1313 1582 1347 1620 ¹0

305 1684 399 1746 καλεῖ
410 1678 442 1746 ἐν
454 1677 594 1752 τοία-αις·
613 1674 677 1768 ἄγε
693 1674 728 1746 di
741 1675 896 1771 Τρίγλας
911 1706 951 1745 τε
962 1673 1066 1771 κυφὰς
1077 1675 1299 1771 κάχαρίστους

305 1793 450 1878 βαίονας.
503 1798 631 1866 Quibus
647 1797 753 1862 verbis
778 1795 919 1862 ostendit
938 1796 1169 1882 Epicharmum
1195 1797 1298 1882 pisces

305 1915 461 1998 quosdam
485 1910 619 1985 Βαίονας
640 1913 815 1992 nominare,
832 1912 936 1999 pisces
958 1922 1065 1978 autem
1087 1913 1228 1998 quidam,
1252 1935 1297 1978 sc.

306 2053 371 2096 non
397 2031 560 2118 descripti,
578 2053 643 2095 non
670 2039 808 2116 possunt
826 2052 895 2094 esse
912 2032 1036 2106 Βίοααί,
1054 2053 1135 2116 quos
1152 2037 1226 2094 aute
1243 2030 1298 2094 de-

305 2147 485 2233 scripserat.
538 2149 586 2212 Ut
610 2147 709 2234 igitur
725 2147 903 2211 Athenaeus
922 2146 1022 2211 Baeon
1048 2156 1097 2212 est
1121 2173 1172 2217 τις
1197 2139 1297 2236 ι’χθίκ,
1314 2163 1343 2218 ¹5

305 2262 350 2326 ita
368 2265 470 2350 Hesy.
488 2264 618 2349 optime,
637 2255 728 2353 ἰχθὺς
748 2265 851 2331 ποῖος.

255 2377 276 2418 *
290 2371 453 2456 Βάκηλος.
480 2375 640 2450 Βακολας.
666 2379 779 2464 Epigr.
797 2379 831 2441 in
847 2379 994 2444 Alcman.
1013 2379 1090 2445 Urs.
1107 2381 1160 2464 63.

256 2487 408 2566 Βοκοίας.
427 2497 506 2582 Leg.
521 2491 653 2572 Βοκίας.
664 2495 849 2560 Tarentino.
861 2495 971 2580 Etym.
983 2489 1116 2574 Βοκίας,
1126 2489 1298 2587 βόρβορος

305 2603 419 2690 πηλὸς,
437 2604 501 2676 ὑπὸ
519 2605 733 2701 Ταραντίνων.
759 2633 789 2674 v.
809 2603 955 2691 Βοβιίας.

255 2718 418 2797 Βακνίδες.
436 2721 483 2792 ἵσ.
502 2720 662 2795 Βαυίῐίδθςι
963 2760 968 2769 ’
1309 2760 1346 2799 20

256 2835 444 2934 Βαιτρειίειν
461 2843 504 2906 Ν.
524 2843 563 2907 L.

256 2949 395 3021 Βαίτιον
413 2958 456 3022 Ν.
469 2959 507 3021 L.

256 3066 386 3161 Βαίτνξ
403 3075 446 3138 N.
466 3077 504 3138 L.

257 3181 436 3279 Βαιῶμφαι
455 3192 498 3254 Ν.
518 3193 556 3254 L.

255 3295 421 3395 Βάκτρον.
440 3307 462 3371 f.
482 3300 672 3398 Βακτραῖος
688 3307 738 3370 vel
755 3299 910 3384 κάλαμος.
1308 3329 1342 3386 25

255 3410 416 3498 Βάκηλος,
434 3418 452 3486 ὁ
474 3418 578 3510 μέγας
594 3417 651 3500 μὲν
675 3418 750 3487 ἀλλ’
771 3416 916 3498 ἀνόητος.
950 3423 1002 3486 Ita
1020 3423 1066 3486 Su
1073 3423 1148 3506 [id].
1166 3433 1199 3488 et
1216 3425 1295 3489 Lex.

304 3536 400 3601 Rhet.
414 3547 476 3602 vet.
494 3547 575 3604 teste
589 3540 793 3625 Etymologo,
807 3546 839 3602 et
852 3539 1055 3622 Anonymus,
1071 3548 1104 3602 et
1117 3539 1294 3604 Eudemus.

304 3641 456 3727 Βάκηλος
480 3647 518 3730 εί,
541 3649 701 3746 παροιμία
727 3650 780 3718 ἐπί
806 3653 871 3718 τῶν
896 3644 1049 3739 μεγάλων
1074 3647 1132 3731 μὲν
1157 3655 1205 3738 τῷ
1233 3651 1297 3718 σώ-

302 3791 395 3842 ματι,
413 3759 571 3859 ἀνάνδρων
589 3763 633 3835 δέ.
685 3771 762 3834 Νοα
783 3769 882 3854 igitur
903 3760 1049 3850 βάκηλος
1072 3793 1224 3856 magnum
1241 3769 1297 3832 ali-

302 3903 397 3965 quem
432 3884 600 3970 significot,
630 3886 681 3950 vel
705 3885 876 3961 imbellem,
904 3885 961 3949 sed
987 3895 1160 3971 utrumque
1189 3885 1295 3954 simul.
1306 3905 1345 3960 30

303 3999 418 4086 Neque
440 3997 544 4089 μέγας
566 4003 639 4088 quis
656 4025 721 4087 qus
736 4003 809 4067 talis
826 4010 911 4067 recte
928 3994 1074 4084 βοίκηλος
1090 4003 1217 4082 dicitur,
1235 4003 1296 4066 nisi

302 4113 345 4176 sit
378 4114 474 4178 simul
507 4109 644 4192 ἀνόητος
676 4115 727 4179 ναί
756 4106 919 4206 ἄνανδρος.
973 4113 1070 4180 Quod
1096 4113 1172 4178 iude
1197 4123 1296 4199 putet,

302 4228 377 4312 quia
393 4232 592 4296 occasionem
610 4231 707 4316 hujus
724 4230 965 4316 significationis
981 4230 1105 4315 primus
1125 4229 1223 4308 dedit,
1241 4231 1298 4313 qui

303 4353 336 4408 et
362 4367 493 4431 corpore
518 4370 670 4432 procerus
692 4356 725 4412 et
749 4346 886 4411 imbellis
912 4346 1028 4420 animo,
1058 4354 1171 4431 utpote
1198 4347 1298 4430 spado

801 4484 824 4525 U
844 4482 862 4530 2
