<?xml version="1.0" encoding="UTF-8"?>
<!DOCTYPE html PUBLIC "-//W3C//DTD XHTML 1.0 Transitional//EN"
    "http://www.w3.org/TR/xhtml1/DTD/xhtml1-transitional.dtd">
<html xmlns="http://www.w3.org/1999/xhtml" xml:lang="en" lang="en">
 <head>
  <title>
</title>
<meta http-equiv="Content-Type" content="text/html;charset=utf-8" />
  <meta name='ocr-system' content='tesseract 3.04.00' />
  <meta name='ocr-capabilities' content='ocr_page ocr_carea ocr_par ocr_line ocrx_word'/>
</head>
<body>
  <div class='ocr_page' id='page_1' title='image "./adversariahesyc00peargoog_0214.png"; bbox 0 0 3200 5058; ppageno 0'>
   <div class='ocr_carea' id='block_1_1' title="bbox 598 353 1303 420">
    <p class='ocr_par' dir='ltr' id='par_1_1' title="bbox 598 353 1303 420">
     <span class='ocr_line' id='line_1_1' title="bbox 598 353 1303 420; baseline -0.006 0"><span class='ocrx_word' id='word_1_1' title='bbox 598 355 963 420; x_wconf 81' lang='lat' dir='ltr'><strong>HESYCHIANA.</strong></span> <span class='ocrx_word' id='word_1_2' title='bbox 1242 353 1303 418; x_wconf 75' lang='lat'>171</span> 
     </span>
    </p>
   </div>
   <div class='ocr_carea' id='block_1_2' title="bbox 256 514 1351 2704">
    <p class='ocr_par' dir='ltr' id='par_1_2' title="bbox 257 514 1308 706">
     <span class='ocr_line' id='line_1_2' title="bbox 257 514 1308 614; baseline 0.005 -29"><span class='ocrx_word' id='word_1_3' title='bbox 257 514 358 614; x_wconf 81' lang='grc' dir='ltr'>Βῖωρ.</span> <span class='ocrx_word' id='word_1_4' title='bbox 399 525 436 588; x_wconf 88' lang='lat' dir='ltr'>F.</span> <span class='ocrx_word' id='word_1_5' title='bbox 464 545 523 609; x_wconf 89' lang='lat' dir='ltr'>pro</span> <span class='ocrx_word' id='word_1_6' title='bbox 547 517 668 612; x_wconf 77' lang='grc' dir='ltr'><strong><em>βίσωρ,</em></strong></span> <span class='ocrx_word' id='word_1_7' title='bbox 694 518 722 603; x_wconf 86' lang='grc' dir='ltr'><em>β</em></span> <span class='ocrx_word' id='word_1_8' title='bbox 747 521 932 607; x_wconf 61' lang='lat' dir='ltr'><strong>praeposito,</strong></span> <span class='ocrx_word' id='word_1_9' title='bbox 955 529 988 586; x_wconf 84' lang='lat' dir='ltr'>et</span> <span class='ocrx_word' id='word_1_10' title='bbox 1013 546 1037 585; x_wconf 87' lang='grc' dir='ltr'><em>σ</em></span> <span class='ocrx_word' id='word_1_11' title='bbox 1063 529 1187 587; x_wconf 78' lang='lat' dir='ltr'><strong>mutato</strong></span> <span class='ocrx_word' id='word_1_12' title='bbox 1212 521 1246 584; x_wconf 85' lang='lat' dir='ltr'>in</span> <span class='ocrx_word' id='word_1_13' title='bbox 1271 546 1308 610; x_wconf 73' lang='lat' dir='ltr'>p,</span> 
     </span>
     <span class='ocr_line' id='line_1_3' title="bbox 306 640 590 706; baseline 0.007 -4"><span class='ocrx_word' id='word_1_14' title='bbox 306 662 394 706; x_wconf 85' lang='lat' dir='ltr'>more</span> <span class='ocrx_word' id='word_1_15' title='bbox 413 640 590 705; x_wconf 79' lang='lat' dir='ltr'><strong>Laeonum.</strong></span> 
     </span>
    </p>

    <p class='ocr_par' dir='ltr' id='par_1_3' title="bbox 257 746 620 842">
     <span class='ocr_line' id='line_1_4' title="bbox 257 746 620 842; baseline 0.006 -24"><span class='ocrx_word' id='word_1_16' title='bbox 257 746 396 837; x_wconf 72' lang='grc' dir='ltr'>Βλᾶβεν</span> <span class='ocrx_word' id='word_1_17' title='bbox 415 757 453 820; x_wconf 86' lang='grc' dir='ltr'>ΙΙ.</span> <span class='ocrx_word' id='word_1_18' title='bbox 472 746 527 842; x_wconf 74' lang='grc' dir='ltr'>ψ’.</span> <span class='ocrx_word' id='word_1_19' title='bbox 545 771 620 841; x_wconf 81' lang='lat'>545.</span> 
     </span>
    </p>

    <p class='ocr_par' dir='ltr' id='par_1_4' title="bbox 258 863 627 952">
     <span class='ocr_line' id='line_1_5' title="bbox 258 863 627 952; baseline 0 -16"><span class='ocrx_word' id='word_1_20' title='bbox 258 863 437 952; x_wconf 76' lang='grc' dir='ltr'>Βλάβεται</span> <span class='ocrx_word' id='word_1_21' title='bbox 456 871 496 934; x_wconf 91' lang='lat' dir='ltr'>Il.</span> <span class='ocrx_word' id='word_1_22' title='bbox 513 864 556 936; x_wconf 77' lang='grc' dir='ltr'>τ’.</span> <span class='ocrx_word' id='word_1_23' title='bbox 576 871 627 939; x_wconf 80' lang='lat'>82.</span> 
     </span>
    </p>

    <p class='ocr_par' dir='ltr' id='par_1_5' title="bbox 257 978 1330 1079">
     <span class='ocr_line' id='line_1_6' title="bbox 257 978 1330 1079; baseline 0.003 -31"><span class='ocrx_word' id='word_1_24' title='bbox 257 978 388 1051; x_wconf 72' lang='grc' dir='ltr'>Βλαδᾶ.</span> <span class='ocrx_word' id='word_1_25' title='bbox 414 1010 445 1052; x_wconf 87' lang='lat' dir='ltr'>v.</span> <span class='ocrx_word' id='word_1_26' title='bbox 463 979 619 1078; x_wconf 73' lang='grc' dir='ltr'>βλαδαρᾶ</span> <span class='ocrx_word' id='word_1_27' title='bbox 637 994 670 1050; x_wconf 84' lang='lat' dir='ltr'>et</span> <span class='ocrx_word' id='word_1_28' title='bbox 686 978 837 1079; x_wconf 77' lang='grc' dir='ltr'>βλάζειν.</span> <span class='ocrx_word' id='word_1_29' title='bbox 1314 1011 1330 1074; x_wconf 83' lang='lat'>5</span> 
     </span>
    </p>

    <p class='ocr_par' dir='ltr' id='par_1_6' title="bbox 257 1096 871 1195">
     <span class='ocr_line' id='line_1_7' title="bbox 257 1096 871 1195; baseline 0.003 -28"><span class='ocrx_word' id='word_1_30' title='bbox 257 1096 446 1195; x_wconf 75' lang='grc' dir='ltr'>Βλαδαρόν.</span> <span class='ocrx_word' id='word_1_31' title='bbox 473 1101 622 1181; x_wconf 82' lang='grc' dir='ltr'>ἐκλελυμ.</span> <span class='ocrx_word' id='word_1_32' title='bbox 648 1129 681 1171; x_wconf 92' lang='lat' dir='ltr'>v.</span> <span class='ocrx_word' id='word_1_33' title='bbox 700 1099 871 1194; x_wconf 78' lang='grc' dir='ltr'>Βληχρόν.</span> 
     </span>
    </p>

    <p class='ocr_par' dir='ltr' id='par_1_7' title="bbox 257 1213 1351 1779">
     <span class='ocr_line' id='line_1_8' title="bbox 257 1213 1303 1312; baseline 0.001 -29"><span class='ocrx_word' id='word_1_34' title='bbox 257 1215 418 1312; x_wconf 81' lang='grc' dir='ltr'><em>Βλᾶθρον</em></span> <span class='ocrx_word' id='word_1_35' title='bbox 430 1271 439 1288; x_wconf 93' lang='grc'>.</span> <span class='ocrx_word' id='word_1_36' title='bbox 452 1271 459 1288; x_wconf 92' lang='grc'>.</span> <span class='ocrx_word' id='word_1_37' title='bbox 472 1271 481 1287; x_wconf 90' lang='grc'>.</span> <span class='ocrx_word' id='word_1_38' title='bbox 494 1213 623 1312; x_wconf 74' lang='grc' dir='ltr'><em>πτερῖὃι</em></span> <span class='ocrx_word' id='word_1_39' title='bbox 642 1217 698 1296; x_wconf 86' lang='grc' dir='ltr'>ὁμ.</span> <span class='ocrx_word' id='word_1_40' title='bbox 717 1221 768 1287; x_wconf 86' lang='lat' dir='ltr'>vel</span> <span class='ocrx_word' id='word_1_41' title='bbox 784 1216 908 1311; x_wconf 77' lang='grc' dir='ltr'>πτέρει.</span> <span class='ocrx_word' id='word_1_42' title='bbox 926 1244 957 1286; x_wconf 87' lang='lat' dir='ltr'>v.</span> <span class='ocrx_word' id='word_1_43' title='bbox 973 1215 1146 1310; x_wconf 77' lang='grc' dir='ltr'>Βλαχρόν,</span> <span class='ocrx_word' id='word_1_44' title='bbox 1161 1227 1193 1283; x_wconf 87' lang='lat' dir='ltr'>et</span> <span class='ocrx_word' id='word_1_45' title='bbox 1211 1213 1303 1296; x_wconf 85' lang='grc' dir='ltr'>Βλη-</span> 
     </span>
     <span class='ocr_line' id='line_1_9' title="bbox 305 1330 1301 1428; baseline -0.002 -26"><span class='ocrx_word' id='word_1_46' title='bbox 305 1331 384 1428; x_wconf 84' lang='grc' dir='ltr'>χρά.</span> <span class='ocrx_word' id='word_1_47' title='bbox 428 1339 523 1402; x_wconf 83' lang='lat' dir='ltr'><strong>Eust.</strong></span> <span class='ocrx_word' id='word_1_48' title='bbox 541 1330 713 1428; x_wconf 81' lang='grc' dir='ltr'>Βλάχνον.</span> <span class='ocrx_word' id='word_1_49' title='bbox 757 1337 904 1422; x_wconf 84' lang='lat' dir='ltr'><strong>Theoph.</strong></span> <span class='ocrx_word' id='word_1_50' title='bbox 931 1337 952 1400; x_wconf 94' lang='lat' dir='ltr'>l.</span> <span class='ocrx_word' id='word_1_51' title='bbox 975 1358 1002 1400; x_wconf 92' lang='lat'>1.</span> <span class='ocrx_word' id='word_1_52' title='bbox 1022 1337 1061 1400; x_wconf 86' lang='lat' dir='ltr'>de</span> <span class='ocrx_word' id='word_1_53' title='bbox 1079 1335 1177 1400; x_wconf 81' lang='lat' dir='ltr'><strong>Caus.</strong></span> <span class='ocrx_word' id='word_1_54' title='bbox 1197 1335 1301 1400; x_wconf 82' lang='lat' dir='ltr'><strong>Plant.</strong></span> 
     </span>
     <span class='ocr_line' id='line_1_10' title="bbox 305 1446 1302 1544; baseline -0.004 -26"><span class='ocrx_word' id='word_1_55' title='bbox 305 1477 333 1518; x_wconf 90' lang='lat' dir='ltr'>c.</span> <span class='ocrx_word' id='word_1_56' title='bbox 347 1455 444 1518; x_wconf 84' lang='lat' dir='ltr'><strong>VIII.</strong></span> <span class='ocrx_word' id='word_1_57' title='bbox 463 1451 481 1529; x_wconf 81' lang='grc' dir='ltr'><em>ἡ</em></span> <span class='ocrx_word' id='word_1_58' title='bbox 499 1447 669 1544; x_wconf 78' lang='grc' dir='ltr'>Βλῆχρος.</span> <span class='ocrx_word' id='word_1_59' title='bbox 696 1453 834 1517; x_wconf 82' lang='lat' dir='ltr'><strong>Nicand.</strong></span> <span class='ocrx_word' id='word_1_60' title='bbox 858 1453 968 1536; x_wconf 81' lang='lat' dir='ltr'><strong>[Ther.</strong></span> <span class='ocrx_word' id='word_1_61' title='bbox 987 1447 1054 1539; x_wconf 85' lang='lat'><strong>39.]</strong></span> <span class='ocrx_word' id='word_1_62' title='bbox 1077 1451 1194 1516; x_wconf 75' lang='lat' dir='ltr'><strong>dIcitur</strong></span> <span class='ocrx_word' id='word_1_63' title='bbox 1211 1446 1302 1528; x_wconf 84' lang='grc' dir='ltr'>Βλῆ-</span> 
     </span>
     <span class='ocr_line' id='line_1_11' title="bbox 305 1561 1351 1661; baseline 0.001 -27"><span class='ocrx_word' id='word_1_64' title='bbox 305 1594 396 1660; x_wconf 82' lang='grc' dir='ltr'>τρος.</span> <span class='ocrx_word' id='word_1_65' title='bbox 448 1571 558 1634; x_wconf 82' lang='lat' dir='ltr'><strong>Diosc.</strong></span> <span class='ocrx_word' id='word_1_66' title='bbox 584 1563 744 1661; x_wconf 81' lang='grc' dir='ltr'>Βλάχνον</span> <span class='ocrx_word' id='word_1_67' title='bbox 768 1578 801 1634; x_wconf 88' lang='lat' dir='ltr'>et</span> <span class='ocrx_word' id='word_1_68' title='bbox 826 1563 988 1659; x_wconf 81' lang='grc' dir='ltr'>Βλῆχιον.</span> <span class='ocrx_word' id='word_1_69' title='bbox 1032 1569 1106 1633; x_wconf 83' lang='lat' dir='ltr'><strong>Gal.</strong></span> <span class='ocrx_word' id='word_1_70' title='bbox 1130 1561 1302 1660; x_wconf 82' lang='grc' dir='ltr'>Βληχρόν,</span> <span class='ocrx_word' id='word_1_71' title='bbox 1317 1596 1351 1635; x_wconf 88' lang='grc' dir='ltr'>ιο</span> 
     </span>
     <span class='ocr_line' id='line_1_12' title="bbox 306 1680 972 1779; baseline -0.002 -27"><span class='ocrx_word' id='word_1_72' title='bbox 306 1683 448 1779; x_wconf 82' lang='grc' dir='ltr'>ὅσπριόν</span> <span class='ocrx_word' id='word_1_73' title='bbox 464 1715 499 1754; x_wconf 83' lang='grc' dir='ltr'>τι</span> <span class='ocrx_word' id='word_1_74' title='bbox 518 1683 536 1752; x_wconf 78' lang='grc' dir='ltr'><strong>ὃ</strong></span> <span class='ocrx_word' id='word_1_75' title='bbox 553 1683 607 1752; x_wconf 79' lang='grc' dir='ltr'>καὶ</span> <span class='ocrx_word' id='word_1_76' title='bbox 625 1685 770 1778; x_wconf 78' lang='grc' dir='ltr'>βλῆχιον</span> <span class='ocrx_word' id='word_1_77' title='bbox 788 1680 972 1778; x_wconf 75' lang='grc' dir='ltr'>γράφεται.</span> 
     </span>
    </p>

    <p class='ocr_par' dir='ltr' id='par_1_8' title="bbox 256 1790 992 1893">
     <span class='ocr_line' id='line_1_13' title="bbox 256 1790 992 1893; baseline 0.001 -32"><span class='ocrx_word' id='word_1_78' title='bbox 256 1790 471 1892; x_wconf 74' lang='grc' dir='ltr'>Βλαιμάζειν.</span> <span class='ocrx_word' id='word_1_79' title='bbox 493 1823 524 1864; x_wconf 92' lang='lat' dir='ltr'>v.</span> <span class='ocrx_word' id='word_1_80' title='bbox 543 1791 732 1893; x_wconf 75' lang='grc' dir='ltr'>Βλημάζειν</span> <span class='ocrx_word' id='word_1_81' title='bbox 750 1809 782 1864; x_wconf 84' lang='lat' dir='ltr'>et</span> <span class='ocrx_word' id='word_1_82' title='bbox 801 1790 992 1892; x_wconf 74' lang='grc' dir='ltr'>Βλιμάζειν.</span> 
     </span>
    </p>

    <p class='ocr_par' dir='ltr' id='par_1_9' title="bbox 256 1907 1303 2124">
     <span class='ocr_line' id='line_1_14' title="bbox 256 1907 1303 2006; baseline 0.002 -28"><span class='ocrx_word' id='word_1_83' title='bbox 256 1907 428 1980; x_wconf 78' lang='grc' dir='ltr'>Βλάκακα.</span> <span class='ocrx_word' id='word_1_84' title='bbox 447 1918 487 1983; x_wconf 89' lang='lat' dir='ltr'>L.</span> <span class='ocrx_word' id='word_1_85' title='bbox 506 1908 625 1982; x_wconf 80' lang='grc' dir='ltr'>Βλᾶκα</span> <span class='ocrx_word' id='word_1_86' title='bbox 639 1913 691 1982; x_wconf 78' lang='grc' dir='ltr'>καὶ</span> <span class='ocrx_word' id='word_1_87' title='bbox 709 1911 884 1982; x_wconf 81' lang='grc' dir='ltr'>Βλακεύειν</span> <span class='ocrx_word' id='word_1_88' title='bbox 897 1965 905 1982; x_wconf 94' lang='grc'>.</span> <span class='ocrx_word' id='word_1_89' title='bbox 920 1909 999 1982; x_wconf 83' lang='grc' dir='ltr'>.τὸν</span> <span class='ocrx_word' id='word_1_90' title='bbox 1016 1908 1122 2006; x_wconf 77' lang='grc' dir='ltr'>ἀργὸν</span> <span class='ocrx_word' id='word_1_91' title='bbox 1139 1911 1192 1979; x_wconf 78' lang='grc' dir='ltr'>καὶ</span> <span class='ocrx_word' id='word_1_92' title='bbox 1210 1910 1303 1992; x_wconf 81' lang='grc' dir='ltr'>ἀνόη-</span> 
     </span>
     <span class='ocr_line' id='line_1_15' title="bbox 305 2025 1302 2124; baseline -0.002 -27"><span class='ocrx_word' id='word_1_93' title='bbox 305 2058 375 2113; x_wconf 72' lang='grc' dir='ltr'>τογ.</span> <span class='ocrx_word' id='word_1_94' title='bbox 402 2035 513 2120; x_wconf 85' lang='lat' dir='ltr'><strong>Etym.</strong></span> <span class='ocrx_word' id='word_1_95' title='bbox 532 2025 644 2122; x_wconf 79' lang='grc' dir='ltr'><em>Βλᾶξ,</em></span> <span class='ocrx_word' id='word_1_96' title='bbox 662 2029 779 2110; x_wconf 75' lang='grc' dir='ltr'>εὐήθης,</span> <span class='ocrx_word' id='word_1_97' title='bbox 798 2025 913 2124; x_wconf 76' lang='grc' dir='ltr'>ἀργὸς,</span> <span class='ocrx_word' id='word_1_98' title='bbox 932 2027 1078 2110; x_wconf 81' lang='grc' dir='ltr'>ἀνόητος.</span> <span class='ocrx_word' id='word_1_99' title='bbox 1131 2032 1229 2098; x_wconf 75' lang='lat' dir='ltr'>Quod</span> <span class='ocrx_word' id='word_1_100' title='bbox 1246 2054 1302 2096; x_wconf 80' lang='lat' dir='ltr'>au-</span> 
     </span>
    </p>

    <p class='ocr_par' dir='ltr' id='par_1_10' title="bbox 278 2143 1349 2240">
     <span class='ocr_line' id='line_1_16' title="bbox 278 2143 1349 2240; baseline -0.003 -26"><span class='ocrx_word' id='word_1_101' title='bbox 278 2227 284 2237; x_wconf 39' lang='grc'><strong>,</strong></span> <span class='ocrx_word' id='word_1_102' title='bbox 306 2159 372 2214; x_wconf 84' lang='lat' dir='ltr'>tem</span> <span class='ocrx_word' id='word_1_103' title='bbox 390 2151 431 2214; x_wconf 83' lang='lat' dir='ltr'>ad</span> <span class='ocrx_word' id='word_1_104' title='bbox 448 2173 485 2214; x_wconf 84' lang='lat' dir='ltr'>ea</span> <span class='ocrx_word' id='word_1_105' title='bbox 502 2173 574 2236; x_wconf 86' lang='lat' dir='ltr'>quae</span> <span class='ocrx_word' id='word_1_106' title='bbox 593 2158 773 2235; x_wconf 84' lang='lat' dir='ltr'>sequuntur</span> <span class='ocrx_word' id='word_1_107' title='bbox 789 2151 938 2236; x_wconf 84' lang='lat' dir='ltr'>pertinet,</span> <span class='ocrx_word' id='word_1_108' title='bbox 956 2172 987 2214; x_wconf 92' lang='lat' dir='ltr'>v.</span> <span class='ocrx_word' id='word_1_109' title='bbox 1006 2143 1185 2240; x_wconf 80' lang='grc' dir='ltr'>Βλῆχημα.</span> <span class='ocrx_word' id='word_1_110' title='bbox 1314 2167 1349 2231; x_wconf 73' lang='lat'>15</span> 
     </span>
    </p>

    <p class='ocr_par' dir='ltr' id='par_1_11' title="bbox 257 2260 584 2332">
     <span class='ocr_line' id='line_1_17' title="bbox 257 2260 584 2332; baseline 0.012 -4"><span class='ocrx_word' id='word_1_111' title='bbox 257 2260 432 2332; x_wconf 80' lang='grc' dir='ltr'>Βλακεύειν</span> <span class='ocrx_word' id='word_1_112' title='bbox 446 2316 454 2332; x_wconf 91' lang='grc'>.</span> <span class='ocrx_word' id='word_1_113' title='bbox 469 2317 477 2332; x_wconf 96' lang='grc'>.</span> <span class='ocrx_word' id='word_1_114' title='bbox 493 2316 501 2332; x_wconf 93' lang='grc'>.</span> <span class='ocrx_word' id='word_1_115' title='bbox 515 2260 584 2332; x_wconf 78' lang='grc' dir='ltr'>ἀπὸ</span> 
     </span>
    </p>

    <p class='ocr_par' dir='ltr' id='par_1_12' title="bbox 256 2373 1301 2704">
     <span class='ocr_line' id='line_1_18' title="bbox 256 2373 1299 2474; baseline 0.006 -30"><span class='ocrx_word' id='word_1_116' title='bbox 256 2374 359 2471; x_wconf 78' lang='grc' dir='ltr'>Βλᾶξ</span> <span class='ocrx_word' id='word_1_117' title='bbox 368 2432 376 2448; x_wconf 96' lang='grc'>.</span> <span class='ocrx_word' id='word_1_118' title='bbox 393 2432 401 2450; x_wconf 93' lang='grc'>.</span> <span class='ocrx_word' id='word_1_119' title='bbox 416 2433 424 2448; x_wconf 93' lang='grc'>.</span> <span class='ocrx_word' id='word_1_120' title='bbox 438 2375 506 2448; x_wconf 79' lang='grc' dir='ltr'>ἀπὸ</span> <span class='ocrx_word' id='word_1_121' title='bbox 522 2433 529 2448; x_wconf 94' lang='grc'>.</span> <span class='ocrx_word' id='word_1_122' title='bbox 544 2433 552 2448; x_wconf 96' lang='grc'>.</span> <span class='ocrx_word' id='word_1_123' title='bbox 567 2375 618 2448; x_wconf 72' lang='grc' dir='ltr'>διὰ</span> <span class='ocrx_word' id='word_1_124' title='bbox 645 2377 796 2474; x_wconf 82' lang='grc' dir='ltr'>νωθρείαν</span> <span class='ocrx_word' id='word_1_125' title='bbox 817 2375 959 2472; x_wconf 79' lang='grc' dir='ltr'>ἆμαυρὸς</span> <span class='ocrx_word' id='word_1_126' title='bbox 982 2377 1140 2467; x_wconf 81' lang='lat' dir='ltr'><strong>(suprasc.</strong></span> <span class='ocrx_word' id='word_1_127' title='bbox 1159 2373 1299 2462; x_wconf 67' lang='grc' dir='ltr'>ἀμβλὺς)</span> 
     </span>
     <span class='ocr_line' id='line_1_19' title="bbox 306 2483 1301 2589; baseline -0.008 -24"><span class='ocrx_word' id='word_1_128' title='bbox 306 2523 376 2586; x_wconf 84' lang='lat' dir='ltr'><strong>cog.</strong></span> <span class='ocrx_word' id='word_1_129' title='bbox 408 2499 443 2589; x_wconf 84' lang='lat' dir='ltr'>[i.</span> <span class='ocrx_word' id='word_1_130' title='bbox 457 2524 485 2565; x_wconf 90' lang='lat' dir='ltr'>e.</span> <span class='ocrx_word' id='word_1_131' title='bbox 504 2483 636 2586; x_wconf 57' lang='lat' dir='ltr'><em>com]</em></span> <span class='ocrx_word' id='word_1_132' title='bbox 665 2499 734 2587; x_wconf 80' lang='lat' dir='ltr'>ipse</span> <span class='ocrx_word' id='word_1_133' title='bbox 760 2499 856 2584; x_wconf 82' lang='lat' dir='ltr'>paulo</span> <span class='ocrx_word' id='word_1_134' title='bbox 881 2506 967 2584; x_wconf 86' lang='lat' dir='ltr'>post,</span> <span class='ocrx_word' id='word_1_135' title='bbox 989 2489 1099 2584; x_wconf 79' lang='grc' dir='ltr'>Βλὰξ,</span> <span class='ocrx_word' id='word_1_136' title='bbox 1116 2488 1301 2586; x_wconf 79' lang='grc' dir='ltr'>τυφλώδης.</span> 
     </span>
     <span class='ocr_line' id='line_1_20' title="bbox 304 2607 543 2704; baseline 0.004 -24"><span class='ocrx_word' id='word_1_137' title='bbox 304 2639 335 2680; x_wconf 90' lang='lat' dir='ltr'>v.</span> <span class='ocrx_word' id='word_1_138' title='bbox 352 2607 543 2704; x_wconf 78' lang='grc' dir='ltr'>Ἐπῖβλαξ.</span> 
     </span>
    </p>
   </div>
   <div class='ocr_carea' id='block_1_3' title="bbox 257 2721 1350 2822">
    <p class='ocr_par' dir='ltr' id='par_1_13' title="bbox 257 2721 1350 2822">
     <span class='ocr_line' id='line_1_21' title="bbox 257 2721 1350 2822; baseline 0.004 -28"><span class='ocrx_word' id='word_1_139' title='bbox 257 2722 405 2798; x_wconf 80' lang='grc' dir='ltr'>Βλάσκα</span> <span class='ocrx_word' id='word_1_140' title='bbox 422 2755 483 2818; x_wconf 87' lang='lat' dir='ltr'>pro</span> <span class='ocrx_word' id='word_1_141' title='bbox 500 2721 634 2822; x_wconf 76' lang='grc' dir='ltr'>φάσκει.</span> <span class='ocrx_word' id='word_1_142' title='bbox 660 2753 691 2795; x_wconf 82' lang='grc' dir='ltr'>ν.</span> <span class='ocrx_word' id='word_1_143' title='bbox 710 2725 849 2796; x_wconf 82' lang='grc' dir='ltr'>Βλῖσαι.</span> <span class='ocrx_word' id='word_1_144' title='bbox 1311 2759 1350 2798; x_wconf 76' lang='lat' dir='ltr'>zo</span> 
     </span>
    </p>
   </div>
   <div class='ocr_carea' id='block_1_4' title="bbox 254 2840 1348 4537">
    <p class='ocr_par' dir='ltr' id='par_1_14' title="bbox 256 2840 901 2938">
     <span class='ocr_line' id='line_1_22' title="bbox 256 2840 901 2938; baseline 0 -28"><span class='ocrx_word' id='word_1_145' title='bbox 256 2841 436 2917; x_wconf 77' lang='grc' dir='ltr'>Βλασκῖας.</span> <span class='ocrx_word' id='word_1_146' title='bbox 459 2844 552 2938; x_wconf 79' lang='grc' dir='ltr'>ἰχθῦς</span> <span class='ocrx_word' id='word_1_147' title='bbox 568 2841 672 2917; x_wconf 80' lang='grc' dir='ltr'>ποιός.</span> <span class='ocrx_word' id='word_1_148' title='bbox 694 2869 725 2910; x_wconf 90' lang='lat' dir='ltr'>v.</span> <span class='ocrx_word' id='word_1_149' title='bbox 744 2840 901 2916; x_wconf 79' lang='grc' dir='ltr'>Βλακίας.</span> 
     </span>
    </p>

    <p class='ocr_par' dir='ltr' id='par_1_15' title="bbox 256 2956 1016 3050">
     <span class='ocr_line' id='line_1_23' title="bbox 256 2956 1016 3050; baseline 0 -22"><span class='ocrx_word' id='word_1_150' title='bbox 256 2963 276 3004; x_wconf 74' lang='lat'>*</span> <span class='ocrx_word' id='word_1_151' title='bbox 288 2957 491 3043; x_wconf 75' lang='grc' dir='ltr'>Βλάστημα.</span> <span class='ocrx_word' id='word_1_152' title='bbox 518 2960 565 3030; x_wconf 77' lang='grc' dir='ltr'>ἴσ.</span> <span class='ocrx_word' id='word_1_153' title='bbox 584 2956 791 3042; x_wconf 76' lang='grc' dir='ltr'>Βλᾶστημος</span> <span class='ocrx_word' id='word_1_154' title='bbox 809 2965 922 3028; x_wconf 84' lang='lat' dir='ltr'><strong>AEseh.</strong></span> <span class='ocrx_word' id='word_1_155' title='bbox 941 2985 1016 3050; x_wconf 81' lang='lat'>311.</span> 
     </span>
    </p>

    <p class='ocr_par' dir='ltr' id='par_1_16' title="bbox 256 3071 769 3172">
     <span class='ocr_line' id='line_1_24' title="bbox 256 3071 769 3172; baseline 0.006 -31"><span class='ocrx_word' id='word_1_156' title='bbox 256 3071 428 3158; x_wconf 79' lang='grc' dir='ltr'>Βλάστην,</span> <span class='ocrx_word' id='word_1_157' title='bbox 446 3079 540 3172; x_wconf 73' lang='grc' dir='ltr'>φυήν.</span> <span class='ocrx_word' id='word_1_158' title='bbox 567 3072 769 3157; x_wconf 79' lang='grc' dir='ltr'>Βλάστημα.</span> 
     </span>
    </p>

    <p class='ocr_par' dir='ltr' id='par_1_17' title="bbox 257 3179 876 3288">
     <span class='ocr_line' id='line_1_25' title="bbox 257 3179 876 3288; baseline 0.005 -30"><span class='ocrx_word' id='word_1_159' title='bbox 257 3188 399 3266; x_wconf 76' lang='grc' dir='ltr'>Βλάνος.</span> <span class='ocrx_word' id='word_1_160' title='bbox 426 3197 515 3282; x_wconf 86' lang='lat' dir='ltr'>Lego</span> <span class='ocrx_word' id='word_1_161' title='bbox 533 3188 675 3272; x_wconf 78' lang='grc' dir='ltr'>Βλακὸς,</span> <span class='ocrx_word' id='word_1_162' title='bbox 693 3179 876 3288; x_wconf 53' lang='lat' dir='ltr'>ruffine.</span> 
     </span>
    </p>

    <p class='ocr_par' dir='ltr' id='par_1_18' title="bbox 256 3305 1347 3406">
     <span class='ocr_line' id='line_1_26' title="bbox 256 3305 1347 3406; baseline 0.01 -32"><span class='ocrx_word' id='word_1_163' title='bbox 256 3305 469 3377; x_wconf 83' lang='grc' dir='ltr'>Βλάττανον.</span> <span class='ocrx_word' id='word_1_164' title='bbox 492 3313 553 3377; x_wconf 83' lang='grc' dir='ltr'>πλ.</span> <span class='ocrx_word' id='word_1_165' title='bbox 1313 3348 1347 3406; x_wconf 82' lang='lat'>²5</span> 
     </span>
    </p>

    <p class='ocr_par' dir='ltr' id='par_1_19' title="bbox 256 3423 1302 3630">
     <span class='ocr_line' id='line_1_27' title="bbox 256 3423 1302 3520; baseline 0 -30"><span class='ocrx_word' id='word_1_166' title='bbox 256 3423 418 3520; x_wconf 81' lang='grc' dir='ltr'>Βλαῦρια.</span> <span class='ocrx_word' id='word_1_167' title='bbox 435 3423 636 3494; x_wconf 83' lang='grc' dir='ltr'>1.Βλαυτιά.</span> <span class='ocrx_word' id='word_1_168' title='bbox 664 3423 817 3506; x_wconf 77' lang='grc' dir='ltr'>Βλαύτης</span> <span class='ocrx_word' id='word_1_169' title='bbox 830 3432 962 3506; x_wconf 72' lang='lat' dir='ltr'><strong><em>calcem,</em></strong></span> <span class='ocrx_word' id='word_1_170' title='bbox 978 3423 1145 3492; x_wconf 82' lang='grc' dir='ltr'>Βλαυτῖον</span> <span class='ocrx_word' id='word_1_171' title='bbox 1162 3426 1302 3490; x_wconf 90' lang='lat' dir='ltr'>diminu-</span> 
     </span>
     <span class='ocr_line' id='line_1_28' title="bbox 304 3544 1088 3630; baseline 0.001 -23"><span class='ocrx_word' id='word_1_172' title='bbox 304 3544 417 3610; x_wconf 88' lang='lat' dir='ltr'><strong>tivum.</strong></span> <span class='ocrx_word' id='word_1_173' title='bbox 470 3545 592 3610; x_wconf 84' lang='lat' dir='ltr'>Ulitius</span> <span class='ocrx_word' id='word_1_174' title='bbox 609 3546 650 3610; x_wconf 79' lang='lat' dir='ltr'>ad</span> <span class='ocrx_word' id='word_1_175' title='bbox 669 3545 773 3609; x_wconf 80' lang='lat' dir='ltr'><strong>Gratii</strong></span> <span class='ocrx_word' id='word_1_176' title='bbox 792 3545 948 3630; x_wconf 76' lang='lat' dir='ltr'><strong>Cyneget.</strong></span> <span class='ocrx_word' id='word_1_177' title='bbox 966 3567 999 3629; x_wconf 93' lang='lat' dir='ltr'>p.</span> <span class='ocrx_word' id='word_1_178' title='bbox 1013 3545 1088 3630; x_wconf 87' lang='grc'>336.</span> 
     </span>
    </p>

    <p class='ocr_par' dir='ltr' id='par_1_20' title="bbox 255 3649 1348 4092">
     <span class='ocr_line' id='line_1_29' title="bbox 255 3649 1302 3748; baseline -0.004 -24"><span class='ocrx_word' id='word_1_179' title='bbox 255 3654 411 3732; x_wconf 76' lang='grc' dir='ltr'>Βλαῦδες.</span> <span class='ocrx_word' id='word_1_180' title='bbox 464 3663 601 3748; x_wconf 80' lang='lat' dir='ltr'>Legerat</span> <span class='ocrx_word' id='word_1_181' title='bbox 623 3663 704 3726; x_wconf 86' lang='lat' dir='ltr'><strong>forte</strong></span> <span class='ocrx_word' id='word_1_182' title='bbox 726 3653 872 3744; x_wconf 80' lang='grc' dir='ltr'>βλαύδας</span> <span class='ocrx_word' id='word_1_183' title='bbox 898 3682 957 3744; x_wconf 90' lang='lat' dir='ltr'>pro</span> <span class='ocrx_word' id='word_1_184' title='bbox 982 3653 1142 3740; x_wconf 78' lang='grc' dir='ltr'>βλαύτας.</span> <span class='ocrx_word' id='word_1_185' title='bbox 1168 3658 1191 3720; x_wconf 89' lang='lat' dir='ltr'>f.</span> <span class='ocrx_word' id='word_1_186' title='bbox 1210 3654 1243 3722; x_wconf 86' lang='grc' dir='ltr'>οἱ</span> <span class='ocrx_word' id='word_1_187' title='bbox 1267 3649 1302 3720; x_wconf 77' lang='grc' dir='ltr'>δὲ</span> 
     </span>
     <span class='ocr_line' id='line_1_30' title="bbox 304 3770 1299 3861; baseline -0.004 -21"><span class='ocrx_word' id='word_1_188' title='bbox 304 3770 510 3855; x_wconf 78' lang='grc' dir='ltr'>ὑποδήματα,</span> <span class='ocrx_word' id='word_1_189' title='bbox 527 3785 560 3841; x_wconf 87' lang='lat' dir='ltr'>et</span> <span class='ocrx_word' id='word_1_190' title='bbox 576 3771 716 3858; x_wconf 77' lang='grc' dir='ltr'>βλακεὺς</span> <span class='ocrx_word' id='word_1_191' title='bbox 733 3776 865 3841; x_wconf 89' lang='lat' dir='ltr'><strong>omnino</strong></span> <span class='ocrx_word' id='word_1_192' title='bbox 882 3775 1143 3861; x_wconf 86' lang='lat' dir='ltr'><strong>expungendum.</strong></span> <span class='ocrx_word' id='word_1_193' title='bbox 1161 3781 1199 3836; x_wconf 83' lang='lat' dir='ltr'>ut</span> <span class='ocrx_word' id='word_1_194' title='bbox 1216 3783 1299 3858; x_wconf 82' lang='lat' dir='ltr'><strong>post,</strong></span> 
     </span>
     <span class='ocr_line' id='line_1_31' title="bbox 303 3885 1348 3977; baseline -0.004 -19"><span class='ocrx_word' id='word_1_195' title='bbox 303 3885 479 3977; x_wconf 76' lang='grc' dir='ltr'>σανδαλίῳ,</span> <span class='ocrx_word' id='word_1_196' title='bbox 493 3890 525 3958; x_wconf 83' lang='grc' dir='ltr'>οἱ</span> <span class='ocrx_word' id='word_1_197' title='bbox 538 3885 571 3958; x_wconf 74' lang='grc' dir='ltr'>δὲ</span> <span class='ocrx_word' id='word_1_198' title='bbox 584 3886 781 3970; x_wconf 69' lang='grc' dir='ltr'>ὑποδήματι.</span> <span class='ocrx_word' id='word_1_199' title='bbox 809 3894 860 3957; x_wconf 81' lang='lat' dir='ltr'>Ita</span> <span class='ocrx_word' id='word_1_200' title='bbox 874 3891 981 3957; x_wconf 81' lang='lat' dir='ltr'><strong>Schol.</strong></span> <span class='ocrx_word' id='word_1_201' title='bbox 997 3890 1166 3977; x_wconf 79' lang='lat' dir='ltr'><strong>Sophoclis</strong></span> <span class='ocrx_word' id='word_1_202' title='bbox 1179 3913 1212 3976; x_wconf 90' lang='lat' dir='ltr'>p.</span> <span class='ocrx_word' id='word_1_203' title='bbox 1224 3911 1298 3977; x_wconf 85' lang='lat'><strong>301.</strong></span> <span class='ocrx_word' id='word_1_204' title='bbox 1309 3911 1348 3965; x_wconf 89' lang='lat'>30</span> 
     </span>
     <span class='ocr_line' id='line_1_32' title="bbox 304 4009 636 4092; baseline 0.012 -20"><span class='ocrx_word' id='word_1_205' title='bbox 304 4032 334 4072; x_wconf 91' lang='lat' dir='ltr'>v.</span> <span class='ocrx_word' id='word_1_206' title='bbox 352 4009 420 4074; x_wconf 87' lang='lat' dir='ltr'><strong>Jul.</strong></span> <span class='ocrx_word' id='word_1_207' title='bbox 441 4009 519 4074; x_wconf 89' lang='lat' dir='ltr'><strong>Poll.</strong></span> <span class='ocrx_word' id='word_1_208' title='bbox 539 4027 568 4092; x_wconf 89' lang='lat'>7,</span> <span class='ocrx_word' id='word_1_209' title='bbox 584 4029 636 4078; x_wconf 81' lang='lat'>22.</span> 
     </span>
    </p>

    <p class='ocr_par' dir='ltr' id='par_1_21' title="bbox 254 4115 1298 4210">
     <span class='ocr_line' id='line_1_33' title="bbox 254 4115 1298 4210; baseline -0.003 -23"><span class='ocrx_word' id='word_1_210' title='bbox 254 4118 382 4201; x_wconf 74' lang='grc' dir='ltr'><strong><em>Βλεῖης,</em></strong></span> <span class='ocrx_word' id='word_1_211' title='bbox 393 4120 556 4206; x_wconf 77' lang='grc' dir='ltr'>βληθείης,</span> <span class='ocrx_word' id='word_1_212' title='bbox 568 4133 606 4190; x_wconf 84' lang='lat' dir='ltr'>ut</span> <span class='ocrx_word' id='word_1_213' title='bbox 615 4120 709 4207; x_wconf 76' lang='grc' dir='ltr'>βλεὶς</span> <span class='ocrx_word' id='word_1_214' title='bbox 719 4147 777 4210; x_wconf 84' lang='lat' dir='ltr'>pro</span> <span class='ocrx_word' id='word_1_215' title='bbox 788 4120 933 4206; x_wconf 80' lang='grc' dir='ltr'>βληθείς.</span> <span class='ocrx_word' id='word_1_216' title='bbox 946 4117 998 4188; x_wconf 75' lang='grc' dir='ltr'>καὶ</span> <span class='ocrx_word' id='word_1_217' title='bbox 1009 4119 1117 4203; x_wconf 82' lang='grc' dir='ltr'>βλεῖο.</span> <span class='ocrx_word' id='word_1_218' title='bbox 1133 4121 1172 4185; x_wconf 88' lang='lat' dir='ltr'>ll.</span> <span class='ocrx_word' id='word_1_219' title='bbox 1180 4115 1216 4186; x_wconf 82' lang='grc' dir='ltr'>ν’.</span> <span class='ocrx_word' id='word_1_220' title='bbox 1225 4122 1298 4188; x_wconf 86' lang='lat'><strong>288.</strong></span> 
     </span>
    </p>

    <p class='ocr_par' dir='ltr' id='par_1_22' title="bbox 255 4232 629 4328">
     <span class='ocr_line' id='line_1_34' title="bbox 255 4232 629 4328; baseline 0.008 -26"><span class='ocrx_word' id='word_1_221' title='bbox 255 4232 468 4328; x_wconf 79' lang='grc' dir='ltr'>Βλεκέμυξος.</span> <span class='ocrx_word' id='word_1_222' title='bbox 495 4243 531 4305; x_wconf 85' lang='lat' dir='ltr'>F.</span> <span class='ocrx_word' id='word_1_223' title='bbox 551 4235 629 4305; x_wconf 90' lang='grc' dir='ltr'>Βλα</span> 
     </span>
    </p>

    <p class='ocr_par' dir='ltr' id='par_1_23' title="bbox 254 4350 792 4443">
     <span class='ocr_line' id='line_1_35' title="bbox 254 4350 792 4443; baseline 0 -25"><span class='ocrx_word' id='word_1_224' title='bbox 254 4350 382 4421; x_wconf 80' lang='grc' dir='ltr'>Βλέννα</span> <span class='ocrx_word' id='word_1_225' title='bbox 401 4357 558 4443; x_wconf 82' lang='lat' dir='ltr'><strong>Hippocr.</strong></span> <span class='ocrx_word' id='word_1_226' title='bbox 585 4381 616 4422; x_wconf 89' lang='lat' dir='ltr'>v.</span> <span class='ocrx_word' id='word_1_227' title='bbox 640 4351 792 4422; x_wconf 78' lang='grc' dir='ltr'>Πλένναι.</span> 
     </span>
    </p>

    <p class='ocr_par' dir='ltr' id='par_1_24' title="bbox 793 4493 849 4537">
     <span class='ocr_line' id='line_1_36' title="bbox 793 4493 849 4537; baseline 0.018 -1"><span class='ocrx_word' id='word_1_228' title='bbox 793 4495 811 4536; x_wconf 72' lang='lat' dir='ltr'>Z</span> <span class='ocrx_word' id='word_1_229' title='bbox 832 4493 849 4537; x_wconf 80' lang='lat'>2</span> 
     </span>
    </p>
   </div>
   <div class='ocr_carea' id='block_1_5' title="bbox 0 0 1604 5058">
    <p class='ocr_par' dir='ltr' id='par_1_25' title="bbox 0 0 1604 5058">
     <span class='ocr_line' id='line_1_37' title="bbox 0 0 1604 5058; baseline 0 0"><span class='ocrx_word' id='word_1_230' title='bbox 0 0 1604 5058; x_wconf 95' lang='lat' dir='ltr'> </span> 
     </span>
    </p>
   </div>
  </div>
 </body>
</html>
