3200 5058
589 369 962 434 HESYCHIANA.
1238 371 1302 442 169

303 535 383 599 Eur.
404 535 482 599 lone
499 558 530 600 v.
548 553 641 622 1195.
658 531 692 600 ἐκ
710 529 737 600 δ’
750 533 961 614 ἐπίμπλαμεν
979 531 1102 628 δρόσου
1120 533 1301 630 Κρατῆρος

301 645 412 742 ἱεροὺς,
429 646 586 732 βιβλίνον
611 647 640 717 τ’
665 647 867 728 ἐκπώματος.
921 654 972 717 Ex
998 654 1092 718 Naxo
1115 677 1160 719 sc.
1184 656 1300 735 insula,

301 777 335 831 et
351 768 458 844 fluvio,
477 768 533 852 qui
551 761 721 849 Βιμβλίνη
739 769 915 834 dicebatur.
955 771 1032 856 Ety.
1053 765 1156 846 Σίμος
1170 767 1298 858 (steph.

302 881 424 961 Δῆμος,
435 884 457 948 l.
471 878 528 970 Σ.)
548 877 573 947 δ’
585 879 616 947 ἐν
629 884 673 972 τῇ
687 881 763 972 ἕκτῃ
781 877 992 961 πῆςἸλιᾶόος
1011 880 1086 972 (leg.
1095 881 1206 964 Σῆμος
1224 881 1250 952 δ’
1267 883 1299 954 ἐν

301 999 342 1083 τῇ
363 989 638 1086 ἔκτρΔηλιᾶόος)
661 995 693 1064 ἐν
716 991 820 1086 Νάξῳ
843 996 928 1092 φησί
951 993 1104 1078 ποταμὸν
1127 996 1326 1083 Βιβλίνην,5

301 1109 362 1204 ἀφ’
395 1106 433 1178 αὖ
466 1117 622 1180 καλοῦσιν
651 1108 737 1180 οίνον
766 1112 921 1198 βίβλινον
956 1109 1008 1180 διὰ
1037 1109 1098 1186 τὰς
1125 1113 1301 1208 πεφυκυίας

302 1225 478 1309 ἆμπελους,
497 1223 548 1295 διὰ
572 1225 606 1296 δὲ
628 1232 690 1296 τοῦ
710 1225 741 1310 if
758 1225 930 1323 γράφουσι
953 1225 1014 1297 τὸν
1035 1224 1189 1308 ποταμὸν
1215 1226 1300 1308 Βιμ-

301 1340 429 1426 βλίνην,
456 1342 508 1411 καὶ
530 1339 660 1435 Νάξιον
684 1341 770 1412 οἶνον
796 1339 847 1412 tui
875 1349 937 1413 τοῦ
960 1343 986 1428 ᾗ
1007 1341 1203 1429 Βίμβλινον.
1255 1350 1301 1412 At

303 1463 415 1527 vinum
445 1486 484 1528 ex
517 1465 653 1528 Thracia
686 1458 873 1546 Βίμβλινον
909 1465 1012 1550 Hesy.
1053 1473 1156 1544 vocat,
1190 1476 1301 1530 contra

304 1581 510 1659 Athenaeum,
530 1580 643 1666 Steph.
663 1581 772 1666 Etym.
792 1580 921 1664 Su[id].
1314 1615 1349 1654 ιο

251 1692 272 1758 ὁ
302 1691 443 1766 ἁπαλός.
493 1697 539 1760 At
557 1692 686 1784 Su[id].
715 1705 826 1760 contra
854 1691 1028 1786 αὐστηρός.
1075 1699 1112 1761 F.
1130 1721 1205 1762 cum
1223 1699 1300 1784 Ety.

304 1813 477 1898 legendum
499 1814 574 1898 quis
595 1821 725 1898 putaret
742 1809 760 1877 ὁ
779 1806 921 1884 παλαιὸς
946 1836 1005 1899 pro
1027 1810 1046 1877 ὁ
1068 1808 1217 1885 ἁπαλόςε
1244 1816 1301 1879 sed

303 1930 382 1994 mihi
401 1930 491 1994 aliter
508 1931 643 1994 videtur.
694 1929 809 1994 Genus
827 1930 912 1994 enim
931 1952 997 1994 non
1016 1939 1136 1994 statum
1154 1931 1220 1994 vini
1236 1930 1300 2016 sig-

303 2047 421 2112 nificat.
460 2049 529 2110 Aut
549 2047 648 2132 igitur
664 2039 804 2123 ἁπαλὸς,
829 2055 885 2110 aut
907 2069 966 2132 pro
983 2070 1020 2112 eo
1038 2047 1299 2112 substituendum

302 2159 322 2226 ὁ
342 2157 495 2234 Πόλλιος
512 2159 603 2227 auti
624 2156 810 2233 Πολλαῖος.
836 2164 957 2227 Athen.
975 2187 1008 2249 p.
1021 2184 1073 2250 31.
1092 2159 1137 2243 εἴη
1154 2155 1193 2228 <iv
1211 2157 1263 2229 oiiv
1280 2161 1299 2228 ὁ
1315 2188 1323 2225 ι
1330 2187 1345 2243 5

302 2272 394 2370 παρὰ
413 2274 625 2348 Σικελιώταις
651 2273 770 2365 γλυκὺς
795 2275 992 2356 καλούμενος
1011 2273 1174 2356 Πόλλιος,
1196 2276 1216 2344 ὁ
1239 2274 1301 2344 Βί-

298 2393 418 2477 βλινος
438 2388 533 2466 οίνος.
561 2396 676 2459 Pollux
694 2390 770 2483 [Vl.
788 2390 854 2483 16.]
873 2391 927 2460 καί
944 2422 1008 2460 που
1029 2390 1081 2459 καί
1105 2390 1222 2482 γλυκὺς
1247 2391 1299 2460 καί

302 2515 469 2582 πολλαΐος
485 2507 559 2576 ἐστι
576 2505 635 2588 μὲν
652 2508 685 2574 ἐκ
705 2506 928 2602 Συρακουσῶν.

253 2622 322 2693 ἀπὸ
331 2627 426 2719 ῥοιῶν
440 2623 547 2708 Βιμβ.
577 2629 654 2713 Leg.
669 2620 736 2692 ἀπὸ
747 2625 829 2718 όρῶν
842 2621 924 2707 Βιβ.
942 2629 1062 2691 Athen.
1075 2627 1119 2694 ib.
1129 2621 1300 2718 Ἐπίχαρ-

302 2769 363 2820 μος
377 2738 411 2809 δὲ
423 2739 598 2810 ciminianu
616 2741 697 2834 ὀρῶν
709 2738 875 2824 Βιβλίνων
889 2743 973 2834 φησι
988 2735 1088 2807 αὐτόν
1098 2735 1298 2821 οἷνομοίσθαι.
1310 2770 1347 2807 οο

254 2855 351 2926 Βιοῐο
374 2863 414 2928 Il.
433 2857 474 2928 α’.
492 2851 548 2946 49.

254 2973 365 3054 Βῆϊον.
385 2980 422 3043 F.
441 2972 562 3060 βίοτον
578 2974 841 3065 μεμολαγμίνον.

253 3089 420 3160 Βιόσσαο.
452 3096 611 3180 Corrupte
629 3117 688 3180 pro
704 3091 844 3176 βιώσαο.
872 3095 936 3160 Od.
955 3089 996 3161 θ’.
1014 3098 1089 3177 468.
1116 3089 1156 3159 σὺ
1174 3087 1241 3186 γάρ
1258 3122 1299 3173 με

302 3210 431 3293 βιόνσαο
449 3208 554 3303 κούρη.
574 3213 668 3276 Eust.
684 3212 781 3298 ἤγουν
799 3203 857 3303 ζῆν
874 3207 1060 3288 πεποίηκας,
1074 3207 1125 3276 καί
1144 3210 1183 3283 ὡς
1200 3210 1299 3277 εἰπεῖν

301 3322 502 3422 ἐζώγρησας,
514 3339 547 3392 et
563 3353 597 3414 p.
610 3339 694 3414 post,
708 3321 829 3421 ἔζησιίς
845 3355 895 3405 με,
914 3328 1013 3414 ἤγουν
1031 3321 1087 3422 ζῆν
1104 3355 1146 3405 με
1163 3326 1324 3407 παντοίη-α
1329 3354 1345 3410 5

301 3473 367 3516 κας.
422 3447 579 3511 Scribitur
594 3442 627 3522 μ’
646 3442 790 3528 ἐβιώσαο
809 3439 1005 3533 [ἐβιόσσαο]
1025 3445 1131 3510 Schol.

253 3555 448 3656 Βιππιίζειν.
485 3542 525 3628 en
558 3563 805 3648 transpositione
838 3561 1013 3626 literarum.
1046 3555 1202 3646 (suprasc.
1221 3563 1301 3626 nihil

301 3677 511 3764 mutandum.)
534 3679 734 3764 Sophronem
752 3679 838 3742 enim
855 3687 888 3741 et
898 3678 1129 3763 Epicharmum
1150 3675 1196 3740 ita
1211 3676 1296 3740 locu-

302 3807 353 3861 tos
371 3795 480 3861 docuit
498 3796 703 3860 Herodianus
720 3818 779 3881 pro
796 3785 985 3887 βαπτίζειν.

252 3907 370 4004 Βίρρη.
396 3935 427 3976 v.
446 3906 571 3992 Βίσβη.
910 4003 911 4009 ¹
1309 3942 1347 3995 30

253 4021 393 4120 Βίρροξ.
413 4051 443 4093 v.
459 4022 598 4119 Βιρρόν.
626 4028 665 4090 L.
685 4021 820 4118 Βιρρόν.
847 4027 922 4090 Lat.
937 4028 1087 4104 Burrum,
1101 4028 1187 4092 unde
1202 4029 1298 4092 Imrra

301 4145 398 4208 vestis
411 4145 523 4208 villosa
540 4152 572 4206 et
586 4143 722 4234 hispide.
749 4143 851 4206 Vetus
865 4142 1072 4228 epigramma,
1086 4143 1210 4207 Nobilis
1227 4147 1298 4207 Ιιοκ-

301 4262 388 4324 ribili
405 4255 565 4347 ρἰιοραίιικ
584 4282 731 4343 purpura
759 4261 871 4324 όυκκα.
926 4260 1035 4322 Βιιννα
1062 4260 1224 4323 torribilis
1250 4269 1299 4324 est

244 4417 246 4420 -
301 4377 399 4442 vestis
416 4377 498 4440 villis
517 4377 616 4440 densa
633 4386 666 4440 et
682 4375 778 4439 hirta.
812 4375 889 4438 Isid.
907 4374 1080 4453 Ηείιιακιιι,
1098 4377 1248 4458 Ινὶορίιίιιο.

779 4514 798 4554 z
