3148 5064
301 335 366 404 89⁰
631 327 1010 394 ADVERSARIA

354 522 403 564 ex.
420 498 611 564 Theodoret.
629 498 732 564 Serm.
749 519 781 581 4,
798 517 874 584 540.
899 495 984 575 μήτε
999 496 1043 585 τῇ
1060 491 1146 573 Δηοῖ
1160 487 1220 562 τὸν
1233 487 1346 558 ἴουλον

354 605 482 692 ἄσαμεν
507 609 526 692 ἣ
554 606 615 680 τὸν
643 606 842 705 Λιτυέρσαν.
877 636 907 679 v.
923 606 969 676 ‘O
993 606 1113 680 ἴουλος.
1149 633 1180 676 v.
1195 602 1345 678 Ὄνοσις.

355 731 437 796 Inde
454 721 661 824 Ἰουλάπεζοι
678 731 760 816 Lyc.
777 753 808 795 v.
827 727 893 816 23.]

302 840 430 944 '19150213
447 846 486 910 Il.
504 838 545 930 α’.
564 847 639 929 482.

306 957 467 1054 Ἰοχὲειρα
487 961 555 1046 (sic)
1356 971 1375 1034 5

307 1073 578 1170 *Ἰππογρέτοα
603 1101 667 1145 vox
683 1078 853 1144 Laconico.
878 1101 910 1143 v.
922 1069 1126 1169 Ἵππαρχος,
1144 1084 1176 1141 et
1193 1097 1265 1161 quae
1290 1097 1349 1140 no·

356 1195 494 1260 tavimus
511 1196 553 1261 sd
570 1197 694 1262 Meurs.

300 1305 385 1376 Ἰπο
403 1308 450 1398 (q.
467 1320 518 1377 est
532 1334 564 1378 v.
581 1311 616 1376 in
632 1308 753 1401 litura.)

300 1420 394 1498 Ἰπες
425 1426 491 1493 od.
520 1419 569 1518 φ’.
595 1442 670 1515 395.
705 1418 885 1518 σκληροεδῆ
910 1425 962 1491 vel
986 1415 1212 1502 σκοληκοειδῆ.
1238 1423 1349 1510 Etym.

352 1531 427 1630 Ἲψ
443 1537 464 1607 ὁ
480 1533 623 1631 σκώληξ.
1362 1565 1401 1605 ιο

300 1653 430 1726 Ἴπνιο.
445 1709 453 1727 .
469 1651 687 1753 ,καθάρματα
705 1657 835 1744 Su[id].
861 1683 891 1724 v.
910 1659 986 1724 seh.
1003 1657 1169 1744 Aristoph.
1187 1677 1251 1745 340
1263 1658 1297 1723 b.

310 1768 419 1848 Ἰπνὸς·
433 1826 441 1843 .
456 1825 464 1841 .
476 1780 674 1867 μαγειρεΐον.
715 1773 781 1864 [ΑΙ.
807 1798 857 1842 ex.
883 1776 1050 1861 Aristoph.
1073 1777 1126 1862 56.
1179 1765 1259 1866 φάν.
1285 1773 1352 1838 AEl.

360 1893 500 1959 Animal.
520 1914 549 1970 ο,
564 1889 609 1979 8.]

304 2001 403 2080 Ἰπος
420 2008 497 2096 Ety.
522 2031 554 2074 v.
572 1999 692 2080 Εῗπος.
718 2004 791 2100 [ΑΙ.
809 2030 858 2072 ex.
869 2003 968 2080 Ἷπος
986 2009 1079 2076 Pind.
1098 2003 1166 2096 38.]

309 2117 458 2192 Ἱππάδα
474 2175 483 2192 .
498 2121 682 2193 .ἰ’ππευσιν.
706 2147 737 2192 v.
752 2116 885 2197 Ἱππάς.
1369 2153 1405 2216 15

309 2233 455 2320 Ἱππάκη
469 2237 645 2308 .·.ἰ’ππειον
660 2290 668 2307 .
683 2289 691 2306 .
706 2237 807 2308 αὐτοῦ
821 2235 916 2328 λόγῳ
938 2240 959 2305 i.
985 2243 1007 2306 l.
1025 2247 1071 2329 3⁰.
1097 2265 1127 2307 v.
1152 2241 1302 2308 Fo'e'sium
1323 2248 1356 2306 et

363 2359 600 2424 Mercurialem.

305 2468 476 2567 Ἶππορον
497 2475 615 2541 series:
641 2483 675 2540 at
696 2475 852 2562 expositio
874 2475 1013 2561 pertinet
1035 2476 1075 2540 ad
1094 2471 1246 2567 t'mrepov,
1268 2475 1355 2561 quod

363 2601 497 2658 nonest
521 2593 654 2657 morbus
679 2592 794 2678 aliquis
819 2599 876 2656 aut
901 2600 1085 2678 symptomo
1108 2593 1282 2672 istericum,
1300 2593 1357 2657 sed

364 2709 597 2796 An'stophanes
614 2709 771 2796 expressit
791 2731 828 2773 ao
845 2707 873 2773 si
890 2717 984 2774 esset.
1009 2733 1039 2775 v.
1059 2710 1165 2775 Schol.
1183 2710 1225 2774 ad
1242 2709 1356 2774 Nubes
1367 2725 1405 2766 20

365 2849 398 2914 p.
422 2829 475 2913 65.
510 2835 549 2892 ut
578 2826 665 2892 enim
690 2819 817 2916 ἵκτορας
843 2833 893 2891 est
922 2816 1102 2918 κατάχυσις
1127 2828 1286 2912 quaedam,
1312 2827 1358 2892 ita

365 2945 462 3029 posta
487 2937 629 3034 ἵππερόν
657 2967 721 3020 μου
748 2936 885 3034 κατέχεε
913 2941 979 3008 τῶν
1003 2933 1191 3035 χρημάτων.
1229 2966 1260 3010 v.
1279 2936 1359 3008 Ἴπ-

365 3082 476 3151 περον.

313 3167 505 3267 Ἱππάρχου
522 3167 631 3264 πίναξ,
644 3169 714 3240 ἐπεὶ
727 3171 760 3240 οἶ
772 3166 938 3267 ἱππάρχαι
953 3171 985 3241 ἐν
997 3168 1106 3266 πίναξι
1119 3170 1174 3244 τὰ.
1191 3226 1200 3242 .
1216 3175 1357 3243 ‚Zenob.

366 3315 433 3358 non
450 3300 535 3358 recte
552 3293 638 3380 oepit
655 3292 819 3357 schottus.
1369 3309 1404 3368 25

313 3399 684 3500 ἸππάρχειοςἙρμῆο
712 3409 837 3474 Mauss.
854 3408 888 3473 in
907 3409 1013 3496 Harp.
1038 3410 1108 3495 185.
1134 3411 1156 3476 l.
1183 3405 1217 3488 ε’,
1243 3400 1357 3500 γράψ.

366 3527 496 3591 frustra.
522 3548 553 3591 v.
572 3525 696 3590 Meurs.

314 3631 449 3722 Ἰτπὰς,
465 3636 559 3709 πέντ.
585 3641 676 3708 locus
692 3640 826 3706 mutilus
843 3648 902 3706 est.
956 3641 1079 3728 Supple
1096 3663 1136 3706 ex
1154 3641 1256 3727 Harp.
1275 3633 1360 3706 Πεν-

367 3749 672 3836 πακοσιομεδῖμνους
709 3751 763 3822 καὶ
795 3751 915 3830 ἱππέας
948 3751 1115 3845 Ζευγῆτας
1152 3750 1204 3821 καῖ
1238 3750 1358 3833 θῆτας.

368 3893 399 3936 v.
417 3871 498 3937 Poll.
523 3894 558 3958 p.
574 3874 649 3955 408.
687 3863 863 3965 ...παρά
897 3867 975 3938 ,καὶ
999 3864 1043 3939 τὸ
1067 3867 1166 3944 τέλος
1191 3872 1232 3936 od
1256 3871 1406 3958 priora30

369 3987 542 4074 peltinent.

312 4098 468 4171 ”Immo
483 4078 660 4198 κ’Ἀργ..
677 4107 791 4194 susp.
816 4130 847 4172 v.
866 4107 941 4173 och.
961 4105 1053 4172 Pind.
1070 4127 1130 4192 113
1145 4105 1177 4170 s.

314 4213 465 4292 Ἶππειος
492 4215 541 4288 Π.
571 4215 632 4289 τὸν
661 4218 808 4301 ποιητὴν,
839 4219 874 4288 οἵ
903 4219 932 4289 θ’
960 4214 1041 4294 ἁλὸς
1072 4217 1172 4287 ἵπποι
1201 4211 1360 4312 Ἀνδράσι

359 4333 543 4425 γίγνονται.
558 4339 622 4406 Od.
637 4331 676 4406 δ’.
691 4341 763 4425 708.
789 4333 808 4417 ἦ
825 4330 910 4406 κατὰ
926 4330 986 4405 τὸν
998 4337 1110 4417 μῦθον,
1125 4331 1179 4404 ὅτι
1198 4385 1206 4402 .
1222 4330 1295 4403 ,καὶ
1314 4329 1360 4400 Π.

358 4477 389 4520 v.
404 4447 536 4546 Ἀρίων.
1048 4511 1051 4518 «
1371 4457 1408 4525 33
