3154 5060
323 319 387 382 280
669 311 1031 376 ADVERSARIA

321 477 580 579 Ἐμπαῖζονπαι.

320 593 539 689 Ἐμπαλᾶξαι
553 649 560 665 .
574 649 581 664 .
595 650 606 666 .
615 600 666 664 lta
679 592 972 676 ἐμπαλασσόμενοι
987 597 1074 682 apud
1086 597 1211 681 Thucy.
1225 594 1368 658 redditur

372 718 460 782 AElio
479 716 637 802 Dionysio
654 709 887 794 ἐμπλεκόμενοι
906 713 1001 777 Eust.
1018 729 1094 797 527,
1115 713 1165 776 18.
1191 701 1367 784 παλάσσω,

372 825 591 911 ἐμπαλοῖσσω,
608 821 809 917 ἐμπαλοῖξαι,
826 819 1046 914 ἐμπᾶλαγμα.

323 945 526 1036 Ἐμπαγμῷ.
553 969 595 1012 an
625 947 665 1011 ab
696 935 897 1037 ἐμπάζομαι,
924 951 963 1007 ut
988 930 1101 1031 ἔμπαξ
1129 941 1229 1026 Soph.
1247 961 1299 1028 34.
1326 957 1396 1012 ans

369 1060 571 1156 πατρούχῳῖ

320 1174 614 1269 Ἐμπαλᾶγματα.

315 1292 467 1377 Ἔμπαν,
484 1323 510 1360 π

316 1403 462 1490 Ἔμπας,
489 1411 573 1489 ὅμως
599 1412 712 1478 AEseh.
732 1412 838 1475 Prom.
860 1411 931 1474 186.
961 1408 1028 1492 [Al.
1046 1429 1095 1472 ex.
1113 1397 1258 1484 Ἐμπὰν,
1283 1400 1368 1482 ὁμῶς

373 1529 466 1594 Pind.
485 1527 593 1592 Schol.
613 1543 674 1613 273
689 1524 737 1608 b.]
1108 1577 1109 1580 ,
1381 1542 1419 1580 ῐο

322 1637 572 1732 Ἐμπαστῆρια,
589 1636 786 1718 μελίπηκτα.

314 1750 472 1834 Ἔμπεδα
490 1757 529 1822 Il.
548 1750 579 1821 ι’.
597 1775 672 1843 335.

322 1869 504 1950 Ἐμπεΐσεν
521 1882 670 1958 corrupte
687 1893 747 1957 pro
764 1866 926 1949 ἐμπεσεῖν.

319 1984 530 2080 Ἐμπεφννῖα
548 1989 587 2052 Il.
606 1981 645 2052 α’.
664 2007 739 2074 513.

322 2096 496 2192 Ἐμπηγός
1380 2120 1415 2179 15

318 2216 509 2299 Ἐμπῆκτηε
524 2267 553 2286 .·
569 2269 577 2284 .
593 2269 601 2286 .
614 2215 828 2296 θεσμοθέτου.
846 2219 957 2305 Etym.
971 2211 1129 2284 κανονῖδα.
1155 2217 1252 2282 Salm.
1268 2217 1312 2280 H.
1325 2217 1365 2278 A.

370 2359 403 2422 p·
421 2354 485 2423 445
504 2335 543 2401 C·
660 2431 673 2444 ,
866 2399 869 2406 .

317 2447 508 2543 Ἐμπῆρονς
534 2458 683 2536 corrupte
713 2472 772 2536 pro
797 2444 1009 2540 ’,Εμμῆρουε.
1027 2471 1057 2513 ν.
1076 2442 1264 2540 Ἐμμῆρους
1283 2498 1290 2514 .
1307 2497 1314 2512 .
1331 2495 1364 2514 ..

372 2559 531 2638 Σικελοῖς.
558 2567 635 2652 Ery.
653 2561 700 2632 ἰ’σ.
718 2560 908 2635 Σικελικοῖς.

312 2677 450 2763 Ἔμπης
467 2683 507 2747 ΙΙ.
526 2677 565 2748 α’.
584 2685 659 2769 562.
685 2704 715 2747 v.
733 2683 828 2746 Eust.
1378 2707 1416 2744 νο

320 2797 341 2837 *
352 2791 515 2875 Ἐμπῖδος
531 2800 618 2884 apud
635 2797 801 2885 Aristoph.
820 2818 872 2883 90.

320 2907 591 2991 *Ἐμπῖπλαται
610 2914 690 2978 Eur.
708 2916 783 2999 697.
829 2981 832 2988 ,

320 3023 523 3106 Ἐμπῖσιον.
540 3075 548 3092 .
563 3075 571 3092 .
585 3019 679 3093 πιεῖν.

318 3137 561 3234 Ἐμπλαθερεῖε
579 3142 685 3206 εενίεε.

314 3247 474 3336 Ἕμπλην
492 3258 531 3324 Il.
549 3251 597 3340 β’.
615 3261 691 3343 526.
1377 3280 1414 3340 25

320 3369 462 3451 Ἐμπνεΐ
483 3399 540 3452 μοι
566 3374 662 3439 AElia.
688 3375 710 3439 l.
728 3397 759 3462 3.
787 3398 814 3440 c.
836 3396 887 3443 12.
912 3369 1022 3454 Αὐτοὶ
1046 3377 1125 3463 γοῦν
1150 3369 1276 3442 δέονται
1299 3375 1365 3440 τῶν

369 3485 516 3581 ἐραστῶν
534 3486 662 3568 ἐμπνεῖν
679 3487 798 3563 αὐτοῖς.
826 3483 1089 3570 Λακεδαιμονίων
1108 3485 1143 3558 δέ
1167 3485 1248 3570 αὕτη
1273 3487 1365 3559 ε’σπῖν

370 3604 388 3682 ἦ
406 3601 497 3697 φωνὴ
514 3601 590 3698 ἐρᾶν
607 3598 670 3671 δεῖν
686 3601 845 3695 λέγουσα.
874 3608 960 3674 Plut.
977 3608 1012 3672 in
1028 3608 1143 3694 Agide.
1169 3632 1200 3674 v.
1218 3603 1313 3700 Ἐρᾷ.

310 3714 519 3796 Ἔμπνευσεν
537 3721 576 3786 ΙΙ.
593 3714 633 3786 κ’.
650 3723 726 3804 482.

199 3848 206 3855 ’
316 3826 584 3926 Ἐμποδῖζιονεκ
601 3837 766 3923 Aristoph.
786 3859 860 3925 231.
892 3833 1037 3930 Κέχηνεν
1053 3833 1166 3932 ὥσπερ
1183 3829 1365 3932 ἐμποδίζων
1375 3860 1418 3916 30

370 3941 510 4040 ἰσχάδας
524 3999 532 4016 .
548 3999 556 4014 .
572 3997 580 4015 .
595 3943 734 4042 ἰσχάδας
749 3952 956 4031 μασᾶσθαι..
983 3956 1058 4022 sch.
1077 3979 1116 4022 ex
1128 3956 1314 4020 Aristarcho
1331 3964 1366 4020 et

370 4065 575 4152 Symmacho,
593 4069 679 4132 unde
696 4069 766 4133 haec
783 4071 890 4135 omnia
907 4080 985 4136 sunt
1000 4072 1198 4138 illustranda.
1239 4071 1364 4137 Omnes

368 4189 476 4244 tamen
494 4203 614 4247 errasse
628 4183 789 4248 videntur:
808 4179 992 4280 ἐμποδῖζειν
1005 4197 1055 4254 est
1064 4191 1195 4270 petiolis
1212 4190 1362 4272 alliyare:

369 4297 457 4379 quod
473 4319 556 4383 opus
573 4298 747 4364 otiosorum
764 4309 814 4366 est
830 4310 863 4366 et
879 4303 1095 4370 oscitantium.

1550 788 1556 886 'r

1549 895 1556 1138 ⁴
